{"DHI": {"balance": {"annual": {"2021-09-30": {"intangibleAssets": 4100000, "capitalSurplus": 3274800000, "totalLiab": 8799700000, "totalStockholderEquity": 14886500000, "minorityInterest": 329700000, "otherCurrentLiab": 464500000, "totalAssets": 24015900000, "commonStock": 4000000, "otherCurrentAssets": 1097300000, "retainedEarnings": 13644300000, "otherLiab": 871300000, "goodWill": 163500000, "treasuryStock": -2036600000, "otherAssets": 196500000, "cash": 3131400000, "totalCurrentLiabilities": 3973600000, "deferredLongTermAssetCharges": 155300000, "shortLongTermDebt": 1700000, "propertyPlantEquipment": 425000000, "totalCurrentAssets": 23205400000, "longTermInvestments": 17900000, "netTangibleAssets": 14718900000, "netReceivables": 263100000, "longTermDebt": 3917800000, "inventory": 16479100000, "accountsPayable": 1177000000}, "2020-09-30": {"intangibleAssets": 17100000, "capitalSurplus": 3240900000, "totalLiab": 6790800000, "totalStockholderEquity": 11840000000, "minorityInterest": 281500000, "otherCurrentLiab": 352800000, "totalAssets": 18912300000, "commonStock": 3900000, "otherCurrentAssets": 672100000, "retainedEarnings": 9757800000, "otherLiab": 651300000, "goodWill": 163500000, "treasuryStock": -1162600000, "otherAssets": 195700000, "cash": 2962900000, "totalCurrentLiabilities": 3351600000, "deferredLongTermAssetCharges": 144900000, "shortLongTermDebt": 416300000, "propertyPlantEquipment": 718400000, "totalCurrentAssets": 17786300000, "longTermInvestments": 31300000, "netTangibleAssets": 11659400000, "netReceivables": 224300000, "longTermDebt": 2750900000, "inventory": 12237400000, "accountsPayable": 900500000}, "2019-09-30": {"capitalSurplus": 3179100000, "totalLiab": 5311500000, "totalStockholderEquity": 10020900000, "minorityInterest": 274200000, "otherCurrentLiab": 280700000, "totalAssets": 15606600000, "commonStock": 3900000, "otherCurrentAssets": 577000000, "retainedEarnings": 7640100000, "otherLiab": 587400000, "goodWill": 163500000, "treasuryStock": -802200000, "otherAssets": 220200000, "cash": 1450900000, "totalCurrentLiabilities": 3231200000, "deferredLongTermAssetCharges": 163100000, "shortLongTermDebt": 1017600000, "propertyPlantEquipment": 496000000, "totalCurrentAssets": 14704500000, "longTermInvestments": 19200000, "netTangibleAssets": 9857400000, "netReceivables": 178700000, "longTermDebt": 1492900000, "inventory": 11282000000, "accountsPayable": 627000000}, "2018-09-30": {"capitalSurplus": 3085000000, "totalLiab": 4955700000, "totalStockholderEquity": 8984400000, "minorityInterest": 174500000, "otherCurrentLiab": 237200000, "totalAssets": 14114600000, "commonStock": 3900000, "otherCurrentAssets": 470000000, "retainedEarnings": 6217900000, "otherLiab": 539500000, "goodWill": 109200000, "treasuryStock": -322400000, "otherAssets": 277500000, "cash": 1439400000, "totalCurrentLiabilities": 2350000000, "deferredLongTermAssetCharges": 194000000, "shortLongTermDebt": 499600000, "propertyPlantEquipment": 398100000, "totalCurrentAssets": 13315800000, "longTermInvestments": 11000000, "netTangibleAssets": 8875200000, "netReceivables": 136300000, "longTermDebt": 2066200000, "inventory": 10395000000, "accountsPayable": 624700000}}, "quarterly": {"2022-06-30": {"intangibleAssets": 261500000, "capitalSurplus": 3317700000, "totalLiab": 10434400000, "totalStockholderEquity": 18062500000, "minorityInterest": 373000000, "otherCurrentLiab": 933700000, "totalAssets": 28869900000, "commonStock": 4000000, "otherCurrentAssets": 1714500000, "retainedEarnings": 17631600000, "otherLiab": 1071800000, "goodWill": 163500000, "treasuryStock": -2890800000, "otherAssets": 198600000, "cash": 1529400000, "totalCurrentLiabilities": 5099000000, "deferredLongTermAssetCharges": 157400000, "shortLongTermDebt": 410700000, "propertyPlantEquipment": 520000000, "totalCurrentAssets": 27620200000, "longTermInvestments": 102100000, "netTangibleAssets": 17637500000, "netReceivables": 294900000, "longTermDebt": 4219600000, "inventory": 21698900000, "accountsPayable": 1507300000}, "2022-03-31": {"intangibleAssets": 5000000, "capitalSurplus": 3288700000, "totalLiab": 9567500000, "totalStockholderEquity": 16774900000, "minorityInterest": 342900000, "otherCurrentLiab": 632500000, "totalAssets": 26685300000, "commonStock": 4000000, "otherCurrentAssets": 1627900000, "retainedEarnings": 16063000000, "otherLiab": 997600000, "goodWill": 163500000, "treasuryStock": -2580800000, "otherAssets": 188400000, "cash": 1561800000, "totalCurrentLiabilities": 4835300000, "deferredLongTermAssetCharges": 131700000, "shortLongTermDebt": 398500000, "propertyPlantEquipment": 471800000, "totalCurrentAssets": 25796100000, "longTermInvestments": 56600000, "netTangibleAssets": 16606400000, "netReceivables": 263500000, "longTermDebt": 3691400000, "inventory": 19846500000, "accountsPayable": 1378600000}, "2021-12-31": {"intangibleAssets": 8300000, "capitalSurplus": 3282700000, "totalLiab": 8986000000, "totalStockholderEquity": 15677700000, "minorityInterest": 335700000, "otherCurrentLiab": 820500000, "totalAssets": 24999400000, "commonStock": 4000000, "otherCurrentAssets": 1291900000, "retainedEarnings": 14705800000, "otherLiab": 948200000, "goodWill": 163500000, "treasuryStock": -2314800000, "otherAssets": 182700000, "cash": 2353900000, "totalCurrentLiabilities": 4352900000, "deferredLongTermAssetCharges": 137600000, "shortLongTermDebt": 349700000, "propertyPlantEquipment": 445200000, "totalCurrentAssets": 24171800000, "longTermInvestments": 24600000, "netTangibleAssets": 15505900000, "netReceivables": 261300000, "longTermDebt": 3645600000, "inventory": 18202500000, "accountsPayable": 1150700000}, "2021-09-30": {"intangibleAssets": 4100000, "capitalSurplus": 3274800000, "totalLiab": 8799700000, "totalStockholderEquity": 14886500000, "minorityInterest": 329700000, "otherCurrentLiab": 464500000, "totalAssets": 24015900000, "commonStock": 4000000, "otherCurrentAssets": 1097300000, "retainedEarnings": 13644300000, "otherLiab": 871300000, "goodWill": 163500000, "treasuryStock": -2036600000, "otherAssets": 196500000, "cash": 3131400000, "totalCurrentLiabilities": 3973600000, "deferredLongTermAssetCharges": 155300000, "shortLongTermDebt": 1700000, "propertyPlantEquipment": 425000000, "totalCurrentAssets": 23205400000, "longTermInvestments": 17900000, "netTangibleAssets": 14718900000, "netReceivables": 263100000, "longTermDebt": 3917800000, "inventory": 16479100000, "accountsPayable": 1177000000}}}, "income": {"annual": {"2021-09-30": {"researchDevelopment": null, "effectOfAccountingCharges": null, "incomeBeforeTax": 5356300000, "minorityInterest": 329700000, "netIncome": 4175800000, "sellingGeneralAdministrative": 2067900000, "grossProfit": 7444600000, "ebit": 5376700000, "operatingIncome": 5376700000, "otherOperatingExpenses": null, "interestExpense": null, "extraordinaryItems": null, "nonRecurring": null, "otherItems": null, "incomeTaxExpense": 1165100000, "totalRevenue": 27774200000, "totalOperatingExpenses": 22397500000, "costOfRevenue": 20329600000, "totalOtherIncomeExpenseNet": -20400000, "discontinuedOperations": null, "netIncomeFromContinuingOps": 4191200000, "netIncomeApplicableToCommonShares": 4175800000}, "2020-09-30": {"researchDevelopment": null, "effectOfAccountingCharges": null, "incomeBeforeTax": 2983000000, "minorityInterest": 281500000, "netIncome": 2373700000, "sellingGeneralAdministrative": 1683100000, "grossProfit": 4622000000, "ebit": 2938900000, "operatingIncome": 2938900000, "otherOperatingExpenses": null, "interestExpense": null, "extraordinaryItems": null, "nonRecurring": null, "otherItems": null, "incomeTaxExpense": 602500000, "totalRevenue": 20311100000, "totalOperatingExpenses": 17372200000, "costOfRevenue": 15689100000, "totalOtherIncomeExpenseNet": 44100000, "discontinuedOperations": null, "netIncomeFromContinuingOps": 2380500000, "netIncomeApplicableToCommonShares": 2373700000}, "2019-09-30": {"researchDevelopment": null, "effectOfAccountingCharges": null, "incomeBeforeTax": 2125300000, "minorityInterest": 274200000, "netIncome": 1618500000, "sellingGeneralAdministrative": 1539500000, "grossProfit": 3650600000, "ebit": 2111100000, "operatingIncome": 2111100000, "otherOperatingExpenses": null, "interestExpense": null, "extraordinaryItems": null, "nonRecurring": null, "otherItems": null, "incomeTaxExpense": 506700000, "totalRevenue": 17592900000, "totalOperatingExpenses": 15481800000, "costOfRevenue": 13942300000, "totalOtherIncomeExpenseNet": 14200000, "discontinuedOperations": null, "netIncomeFromContinuingOps": 1618600000, "netIncomeApplicableToCommonShares": 1618500000}, "2018-09-30": {"researchDevelopment": null, "effectOfAccountingCharges": null, "incomeBeforeTax": 2060000000, "minorityInterest": 174500000, "netIncome": 1460300000, "sellingGeneralAdministrative": 1404200000, "grossProfit": 3462800000, "ebit": 2058600000, "operatingIncome": 2058600000, "otherOperatingExpenses": null, "interestExpense": null, "extraordinaryItems": null, "nonRecurring": null, "otherItems": null, "incomeTaxExpense": 597700000, "totalRevenue": 16068000000, "totalOperatingExpenses": 14009400000, "costOfRevenue": 12605200000, "totalOtherIncomeExpenseNet": 1400000, "discontinuedOperations": null, "netIncomeFromContinuingOps": 1462300000, "netIncomeApplicableToCommonShares": 1460300000}}, "quarterly": {"2022-06-30": {"researchDevelopment": null, "effectOfAccountingCharges": null, "incomeBeforeTax": 2183300000, "minorityInterest": 373000000, "netIncome": 1647800000, "sellingGeneralAdministrative": 603300000, "grossProfit": 2793400000, "ebit": 2190100000, "operatingIncome": 2190100000, "otherOperatingExpenses": null, "interestExpense": null, "extraordinaryItems": null, "nonRecurring": null, "otherItems": null, "incomeTaxExpense": 524000000, "totalRevenue": 8788100000, "totalOperatingExpenses": 6598000000, "costOfRevenue": 5994700000, "totalOtherIncomeExpenseNet": -6800000, "discontinuedOperations": null, "netIncomeFromContinuingOps": 1659300000, "netIncomeApplicableToCommonShares": 1647800000}, "2022-03-31": {"researchDevelopment": null, "effectOfAccountingCharges": null, "incomeBeforeTax": 1883300000, "minorityInterest": 342900000, "netIncome": 1436300000, "sellingGeneralAdministrative": 557100000, "grossProfit": 2455000000, "ebit": 1897900000, "operatingIncome": 1897900000, "otherOperatingExpenses": null, "interestExpense": null, "extraordinaryItems": null, "nonRecurring": null, "otherItems": null, "incomeTaxExpense": 441000000, "totalRevenue": 7999000000, "totalOperatingExpenses": 6101100000, "costOfRevenue": 5544000000, "totalOtherIncomeExpenseNet": -14600000, "discontinuedOperations": null, "netIncomeFromContinuingOps": 1442300000, "netIncomeApplicableToCommonShares": 1436300000}, "2021-12-31": {"researchDevelopment": null, "effectOfAccountingCharges": null, "incomeBeforeTax": 1497300000, "minorityInterest": 335700000, "netIncome": 1141600000, "sellingGeneralAdministrative": 540600000, "grossProfit": 2030500000, "ebit": 1489900000, "operatingIncome": 1489900000, "otherOperatingExpenses": null, "interestExpense": null, "extraordinaryItems": null, "nonRecurring": null, "otherItems": null, "incomeTaxExpense": 351500000, "totalRevenue": 7053400000, "totalOperatingExpenses": 5563500000, "costOfRevenue": 5022900000, "totalOtherIncomeExpenseNet": 7400000, "discontinuedOperations": null, "netIncomeFromContinuingOps": 1145800000, "netIncomeApplicableToCommonShares": 1141600000}, "2021-09-30": {"researchDevelopment": null, "effectOfAccountingCharges": null, "incomeBeforeTax": 1726500000, "minorityInterest": 329700000, "netIncome": 1339000000, "sellingGeneralAdministrative": 565100000, "grossProfit": 2297100000, "ebit": 1732000000, "operatingIncome": 1732000000, "otherOperatingExpenses": null, "interestExpense": null, "extraordinaryItems": null, "nonRecurring": null, "otherItems": null, "incomeTaxExpense": 381000000, "totalRevenue": 8109300000, "totalOperatingExpenses": 6377300000, "costOfRevenue": 5812200000, "totalOtherIncomeExpenseNet": -5500000, "discontinuedOperations": null, "netIncomeFromContinuingOps": 1345500000, "netIncomeApplicableToCommonShares": 1339000000}}}, "cash": {"annual": {"2021-09-30": {"changeToLiabilities": 845100000, "totalCashflowsFromInvestingActivities": -252200000, "netBorrowings": 1077300000, "totalCashFromFinancingActivities": -85100000, "changeToOperatingActivities": -938000000, "issuanceOfStock": 56200000, "netIncome": 4175800000, "changeInCash": 197100000, "repurchaseOfStock": -926900000, "totalCashFromOperatingActivities": 534400000, "depreciation": 73900000, "otherCashflowsFromInvestingActivities": 2100000, "dividendsPaid": -289300000, "changeToInventory": -3759100000, "otherCashflowsFromFinancingActivities": -2400000, "changeToNetincome": 128500000, "capitalExpenditures": -267400000}, "2020-09-30": {"changeToLiabilities": 566200000, "totalCashflowsFromInvestingActivities": -166100000, "netBorrowings": 906900000, "totalCashFromFinancingActivities": 270600000, "changeToOperatingActivities": -607700000, "issuanceOfStock": 23400000, "netIncome": 2373700000, "changeInCash": 1526100000, "repurchaseOfStock": -398600000, "totalCashFromOperatingActivities": 1421600000, "depreciation": 80400000, "otherCashflowsFromInvestingActivities": 600000, "dividendsPaid": -256000000, "changeToInventory": -1063500000, "otherCashflowsFromFinancingActivities": -5100000, "changeToNetincome": 62300000, "capitalExpenditures": -286800000}, "2019-09-30": {"changeToLiabilities": 126200000, "totalCashflowsFromInvestingActivities": -394000000, "netBorrowings": 93300000, "totalCashFromFinancingActivities": -490100000, "changeToOperatingActivities": -437200000, "issuanceOfStock": 143400000, "netIncome": 1618500000, "changeInCash": 8000000, "repurchaseOfStock": -499500000, "totalCashFromOperatingActivities": 892100000, "depreciation": 72000000, "otherCashflowsFromInvestingActivities": 2100000, "dividendsPaid": -223400000, "changeToInventory": -591800000, "otherCashflowsFromFinancingActivities": -3900000, "changeToNetincome": 93500000, "capitalExpenditures": -224100000}, "2018-09-30": {"investments": 24800000, "changeToLiabilities": 129100000, "totalCashflowsFromInvestingActivities": 19000000, "netBorrowings": 199500000, "totalCashFromFinancingActivities": -82500000, "changeToOperatingActivities": -319400000, "issuanceOfStock": 47400000, "netIncome": 1460300000, "changeInCash": 481700000, "repurchaseOfStock": -137800000, "totalCashFromOperatingActivities": 545200000, "depreciation": 62400000, "otherCashflowsFromInvestingActivities": 2100000, "dividendsPaid": -188400000, "changeToInventory": -1056600000, "otherCashflowsFromFinancingActivities": -3200000, "changeToNetincome": 259500000, "capitalExpenditures": -138300000}}, "quarterly": {"2022-06-30": {"changeToLiabilities": 442700000, "totalCashflowsFromInvestingActivities": -304200000, "netBorrowings": 401400000, "totalCashFromFinancingActivities": 27600000, "changeToOperatingActivities": -300000, "issuanceOfStock": 4700000, "netIncome": 1647800000, "changeInCash": -4800000, "repurchaseOfStock": -290000000, "totalCashFromOperatingActivities": 271800000, "depreciation": 20900000, "otherCashflowsFromInvestingActivities": 2800000, "dividendsPaid": -79200000, "changeToInventory": -1876900000, "otherCashflowsFromFinancingActivities": -9300000, "changeToNetincome": 37600000, "capitalExpenditures": -35500000}, "2022-03-31": {"changeToLiabilities": 287500000, "totalCashflowsFromInvestingActivities": -42200000, "netBorrowings": 318700000, "totalCashFromFinancingActivities": -72800000, "changeToOperatingActivities": -804400000, "issuanceOfStock": 5000000, "netIncome": 1436300000, "changeInCash": -775500000, "repurchaseOfStock": -294700000, "totalCashFromOperatingActivities": -660500000, "depreciation": 19900000, "otherCashflowsFromInvestingActivities": -600000, "dividendsPaid": -79100000, "changeToInventory": -1657800000, "otherCashflowsFromFinancingActivities": -22700000, "changeToNetincome": 58000000, "capitalExpenditures": -41600000}, "2021-12-31": {"changeToLiabilities": 306200000, "totalCashflowsFromInvestingActivities": -26500000, "netBorrowings": -235200000, "totalCashFromFinancingActivities": -572000000, "changeToOperatingActivities": -27800000, "issuanceOfStock": 17200000, "netIncome": 1141600000, "changeInCash": -772600000, "repurchaseOfStock": -336800000, "totalCashFromOperatingActivities": -174100000, "depreciation": 19400000, "otherCashflowsFromInvestingActivities": 4400000, "dividendsPaid": -80100000, "changeToInventory": -1663900000, "otherCashflowsFromFinancingActivities": 62900000, "changeToNetincome": 50400000, "capitalExpenditures": -30900000}, "2021-09-30": {"investments": -2200000, "changeToLiabilities": 109400000, "totalCashflowsFromInvestingActivities": -45300000, "netBorrowings": 995000000, "totalCashFromFinancingActivities": 744500000, "changeToOperatingActivities": -455700000, "issuanceOfStock": 8100000, "netIncome": 1339000000, "changeInCash": 1268100000, "repurchaseOfStock": -187000000, "totalCashFromOperatingActivities": 568900000, "depreciation": 17200000, "otherCashflowsFromInvestingActivities": 2100000, "dividendsPaid": -71600000, "changeToInventory": -473600000, "otherCashflowsFromFinancingActivities": 62900000, "changeToNetincome": 31300000, "capitalExpenditures": -47500000}}}}, "LEN": {"balance": {"annual": {"2021-11-30": {"capitalSurplus": 8807891000, "totalLiab": 12211496000, "totalStockholderEquity": 20816425000, "minorityInterest": 179857000, "otherCurrentLiab": 377021000, "totalAssets": 33207778000, "commonStock": 33994000, "otherCurrentAssets": 21927000, "retainedEarnings": 14685329000, "otherLiab": 3791034000, "goodWill": 3442359000, "treasuryStock": -2710789000, "otherAssets": 905780000, "cash": 2754723000, "totalCurrentLiabilities": 4031160000, "deferredLongTermAssetCharges": 148445000, "shortLongTermDebt": 718279000, "otherStockholderEquity": -1341000, "propertyPlantEquipment": 339906000, "totalCurrentAssets": 25102861000, "longTermInvestments": 3020636000, "netTangibleAssets": 17184367000, "netReceivables": 588683000, "longTermDebt": 3934059000, "inventory": 19169397000, "accountsPayable": 1321247000}, "2020-11-30": {"capitalSurplus": 8676056000, "totalLiab": 11835776000, "totalStockholderEquity": 17994856000, "minorityInterest": 104545000, "otherCurrentLiab": 341765000, "totalAssets": 29935177000, "commonStock": 33838000, "otherCurrentAssets": 15211000, "retainedEarnings": 10564994000, "otherLiab": 2854761000, "goodWill": 3442359000, "treasuryStock": -1280032000, "otherAssets": 863467000, "cash": 2746867000, "totalCurrentLiabilities": 1381009000, "deferredLongTermAssetCharges": 157622000, "shortLongTermDebt": 1906000, "otherStockholderEquity": -805000, "propertyPlantEquipment": 411518000, "totalCurrentAssets": 22608688000, "longTermInvestments": 2187189000, "netTangibleAssets": 14362798000, "netReceivables": 385300000, "longTermDebt": 5955758000, "inventory": 17175148000, "accountsPayable": 1037338000}, "2019-11-30": {"capitalSurplus": 8578219000, "totalLiab": 13325681000, "totalStockholderEquity": 15949517000, "minorityInterest": 84313000, "otherCurrentLiab": 294138000, "totalAssets": 29359511000, "commonStock": 33656000, "otherCurrentAssets": 10673000, "retainedEarnings": 8295001000, "otherLiab": 2146100000, "goodWill": 3442359000, "treasuryStock": -957359000, "otherAssets": 835165000, "cash": 1211883000, "totalCurrentLiabilities": 1414620000, "deferredLongTermAssetCharges": 261914000, "shortLongTermDebt": 15178000, "otherStockholderEquity": 498000, "propertyPlantEquipment": 279527000, "totalCurrentAssets": 22202288000, "longTermInvestments": 2076236000, "netTangibleAssets": 12291642000, "netReceivables": 406030000, "longTermDebt": 7776638000, "inventory": 18091614000, "accountsPayable": 1069179000}, "2018-11-30": {"capitalSurplus": 8496677000, "totalLiab": 13883224000, "totalStockholderEquity": 14581535000, "minorityInterest": 101422000, "otherCurrentLiab": 319109000, "totalAssets": 28566181000, "commonStock": 33443000, "otherCurrentAssets": 19574000, "retainedEarnings": 6487650000, "otherLiab": 1812159000, "goodWill": 3442359000, "treasuryStock": -436235000, "otherAssets": 1142828000, "cash": 1369973000, "totalCurrentLiabilities": 1715207000, "deferredLongTermAssetCharges": 510413000, "otherStockholderEquity": -366000, "propertyPlantEquipment": 319861000, "totalCurrentAssets": 21284918000, "longTermInvestments": 1835408000, "netTangibleAssets": 10901488000, "netReceivables": 310670000, "longTermDebt": 8558356000, "inventory": 17346598000, "accountsPayable": 1325398000}}, "quarterly": {"2022-05-31": {"capitalSurplus": 5355182000, "totalLiab": 12516428000, "totalStockholderEquity": 21598255000, "minorityInterest": 191519000, "otherCurrentLiab": 377990000, "totalAssets": 34306202000, "commonStock": 29242000, "otherCurrentAssets": 28440000, "retainedEarnings": 16288698000, "otherLiab": 4291472000, "goodWill": 3442359000, "treasuryStock": -74867000, "otherAssets": 1328825000, "cash": 1378082000, "totalCurrentLiabilities": 2541993000, "shortLongTermDebt": 591134000, "otherStockholderEquity": 1748000, "totalCurrentAssets": 26455687000, "longTermInvestments": 2659153000, "netTangibleAssets": 17966197000, "netReceivables": 619747000, "longTermDebt": 4071288000, "inventory": 22489921000, "accountsPayable": 1555283000}, "2022-02-28": {"capitalSurplus": 8855151000, "totalLiab": 11787820000, "totalStockholderEquity": 20679064000, "minorityInterest": 168368000, "otherCurrentLiab": 374146000, "totalAssets": 32635252000, "commonStock": 34187000, "otherCurrentAssets": 27025000, "retainedEarnings": 15078788000, "otherLiab": 3941021000, "goodWill": 3442359000, "treasuryStock": -3289062000, "otherAssets": 1266011000, "cash": 1403793000, "totalCurrentLiabilities": 2313232000, "shortLongTermDebt": 591040000, "otherStockholderEquity": 1686000, "totalCurrentAssets": 24742939000, "longTermInvestments": 2767003000, "netTangibleAssets": 17047006000, "netReceivables": 557519000, "longTermDebt": 4065112000, "inventory": 20988209000, "accountsPayable": 1321148000}, "2021-11-30": {"capitalSurplus": 8807891000, "totalLiab": 12211496000, "totalStockholderEquity": 20816425000, "minorityInterest": 179857000, "otherCurrentLiab": 377021000, "totalAssets": 33207778000, "commonStock": 33994000, "otherCurrentAssets": 21927000, "retainedEarnings": 14685329000, "otherLiab": 3791034000, "goodWill": 3442359000, "treasuryStock": -2710789000, "otherAssets": 905780000, "cash": 2754723000, "totalCurrentLiabilities": 4031160000, "deferredLongTermAssetCharges": 148445000, "shortLongTermDebt": 718279000, "otherStockholderEquity": -1341000, "propertyPlantEquipment": 339906000, "totalCurrentAssets": 25102861000, "longTermInvestments": 3020636000, "netTangibleAssets": 17184367000, "netReceivables": 588683000, "longTermDebt": 3934059000, "inventory": 19169397000, "accountsPayable": 1321247000}, "2021-08-31": {"capitalSurplus": 8778609000, "totalLiab": 11964651000, "totalStockholderEquity": 20650188000, "minorityInterest": 129351000, "otherCurrentLiab": 374975000, "totalAssets": 32744190000, "commonStock": 33994000, "otherCurrentAssets": 21519000, "retainedEarnings": 13570626000, "otherLiab": 3377367000, "goodWill": 3442359000, "treasuryStock": -1733041000, "otherAssets": 1186566000, "cash": 2642120000, "totalCurrentLiabilities": 2215059000, "shortLongTermDebt": 601525000, "otherStockholderEquity": -1300000, "totalCurrentAssets": 24460066000, "longTermInvestments": 3244916000, "netTangibleAssets": 17018130000, "netReceivables": 466141000, "longTermDebt": 4942894000, "inventory": 19457696000, "accountsPayable": 1230577000}}}, "income": {"annual": {"2021-11-30": {"researchDevelopment": null, "effectOfAccountingCharges": null, "incomeBeforeTax": 5819058000, "minorityInterest": 179857000, "netIncome": 4430111000, "sellingGeneralAdministrative": 2195078000, "grossProfit": 7333336000, "ebit": 5684173000, "operatingIncome": 5684173000, "otherOperatingExpenses": -545915000, "interestExpense": -20142000, "extraordinaryItems": null, "nonRecurring": null, "otherItems": null, "incomeTaxExpense": 1362509000, "totalRevenue": 27130676000, "totalOperatingExpenses": 21446503000, "costOfRevenue": 19797340000, "totalOtherIncomeExpenseNet": 134885000, "discontinuedOperations": null, "netIncomeFromContinuingOps": 4456549000, "netIncomeApplicableToCommonShares": 4377192000}, "2020-11-30": {"researchDevelopment": null, "effectOfAccountingCharges": null, "incomeBeforeTax": 3123788000, "minorityInterest": 104545000, "netIncome": 2465036000, "sellingGeneralAdministrative": 2030541000, "grossProfit": 5171203000, "ebit": 3133314000, "operatingIncome": 3133314000, "otherOperatingExpenses": 7348000, "interestExpense": -22401000, "extraordinaryItems": null, "nonRecurring": null, "otherItems": null, "incomeTaxExpense": 656235000, "totalRevenue": 22488854000, "totalOperatingExpenses": 19355540000, "costOfRevenue": 17317651000, "totalOtherIncomeExpenseNet": -9526000, "discontinuedOperations": null, "netIncomeFromContinuingOps": 2467553000, "netIncomeApplicableToCommonShares": 2436647000}, "2019-11-30": {"researchDevelopment": null, "effectOfAccountingCharges": null, "incomeBeforeTax": 2434292000, "minorityInterest": 84313000, "netIncome": 1849052000, "sellingGeneralAdministrative": 321188000, "grossProfit": 2802295000, "ebit": 2467389000, "operatingIncome": 2467389000, "otherOperatingExpenses": 13718000, "interestExpense": -17620000, "extraordinaryItems": null, "nonRecurring": null, "otherItems": null, "incomeTaxExpense": 592173000, "totalRevenue": 22259561000, "totalOperatingExpenses": 19792172000, "costOfRevenue": 19457266000, "totalOtherIncomeExpenseNet": -33097000, "discontinuedOperations": null, "netIncomeFromContinuingOps": 1842119000, "netIncomeApplicableToCommonShares": 1832910000}, "2018-11-30": {"researchDevelopment": null, "effectOfAccountingCharges": null, "incomeBeforeTax": 2262684000, "minorityInterest": 101422000, "netIncome": 1695831000, "sellingGeneralAdministrative": 343934000, "grossProfit": 2334185000, "ebit": 2178381000, "operatingIncome": 2178381000, "otherOperatingExpenses": -188130000, "interestExpense": -11258000, "extraordinaryItems": null, "nonRecurring": null, "otherItems": null, "incomeTaxExpense": 545171000, "totalRevenue": 20571631000, "totalOperatingExpenses": 18393250000, "costOfRevenue": 18237446000, "totalOtherIncomeExpenseNet": 84303000, "discontinuedOperations": null, "netIncomeFromContinuingOps": 1717513000, "netIncomeApplicableToCommonShares": 1680964000}}, "quarterly": {"2022-05-31": {"researchDevelopment": null, "effectOfAccountingCharges": null, "incomeBeforeTax": 1754834000, "minorityInterest": 191519000, "netIncome": 1320756000, "sellingGeneralAdministrative": 591762000, "grossProfit": 2460479000, "ebit": 1871437000, "operatingIncome": 1871437000, "otherOperatingExpenses": -2720000, "interestExpense": null, "extraordinaryItems": null, "nonRecurring": null, "otherItems": null, "incomeTaxExpense": 432276000, "totalRevenue": 8358696000, "totalOperatingExpenses": 6487259000, "costOfRevenue": 5898217000, "totalOtherIncomeExpenseNet": -116603000, "discontinuedOperations": null, "netIncomeFromContinuingOps": 1322558000, "netIncomeApplicableToCommonShares": 1303381000}, "2022-02-28": {"researchDevelopment": null, "effectOfAccountingCharges": null, "incomeBeforeTax": 676735000, "minorityInterest": 168368000, "netIncome": 503581000, "sellingGeneralAdministrative": 542139000, "grossProfit": 1635042000, "ebit": 1092732000, "operatingIncome": 1092732000, "otherOperatingExpenses": 171000, "interestExpense": null, "extraordinaryItems": null, "nonRecurring": null, "otherItems": null, "incomeTaxExpense": 167420000, "totalRevenue": 6203516000, "totalOperatingExpenses": 5110784000, "costOfRevenue": 4568474000, "totalOtherIncomeExpenseNet": -415997000, "discontinuedOperations": null, "netIncomeFromContinuingOps": 509315000, "netIncomeApplicableToCommonShares": 498253000}, "2021-11-30": {"researchDevelopment": null, "effectOfAccountingCharges": null, "incomeBeforeTax": 1580805000, "minorityInterest": 179857000, "netIncome": 1190491000, "sellingGeneralAdministrative": 579772000, "grossProfit": 2353965000, "ebit": 1469688000, "operatingIncome": 1469688000, "otherOperatingExpenses": 304505000, "interestExpense": -20142000, "extraordinaryItems": null, "nonRecurring": null, "otherItems": null, "incomeTaxExpense": 387155000, "totalRevenue": 8433560000, "totalOperatingExpenses": 6963872000, "costOfRevenue": 6079595000, "totalOtherIncomeExpenseNet": 111117000, "discontinuedOperations": null, "netIncomeFromContinuingOps": 1193650000, "netIncomeApplicableToCommonShares": 1178083000}, "2021-08-31": {"researchDevelopment": null, "effectOfAccountingCharges": null, "incomeBeforeTax": 1814354000, "minorityInterest": 129351000, "netIncome": 1406888000, "sellingGeneralAdministrative": 548658000, "grossProfit": 1891312000, "ebit": 1832286000, "operatingIncome": 1832286000, "otherOperatingExpenses": -489632000, "interestExpense": -20142000, "extraordinaryItems": null, "nonRecurring": null, "otherItems": null, "incomeTaxExpense": 405136000, "totalRevenue": 6941403000, "totalOperatingExpenses": 5109117000, "costOfRevenue": 5050091000, "totalOtherIncomeExpenseNet": -17932000, "discontinuedOperations": null, "netIncomeFromContinuingOps": 1409218000, "netIncomeApplicableToCommonShares": 1390194000}}}, "cash": {"annual": {"2021-11-30": {"investments": -114205000, "changeToLiabilities": 881309000, "totalCashflowsFromInvestingActivities": -105086000, "netBorrowings": -1078983000, "totalCashFromFinancingActivities": -2404735000, "changeToOperatingActivities": -281821000, "netIncome": 4430111000, "changeInCash": 22953000, "repurchaseOfStock": -1430212000, "totalCashFromOperatingActivities": 2532774000, "depreciation": 85954000, "otherCashflowsFromInvestingActivities": 16000, "dividendsPaid": -309776000, "changeToInventory": -1960614000, "changeToAccountReceivables": -289776000, "otherCashflowsFromFinancingActivities": 414236000, "changeToNetincome": -332389000, "capitalExpenditures": -65172000}, "2020-11-30": {"investments": -254886000, "changeToLiabilities": 266488000, "totalCashflowsFromInvestingActivities": -280205000, "netBorrowings": -2294141000, "totalCashFromFinancingActivities": -2446575000, "changeToOperatingActivities": 267151000, "netIncome": 2465036000, "changeInCash": 1464039000, "repurchaseOfStock": -321524000, "totalCashFromOperatingActivities": 4190819000, "depreciation": 94553000, "otherCashflowsFromInvestingActivities": 1643000, "dividendsPaid": -195043000, "changeToInventory": 781362000, "changeToAccountReceivables": 25868000, "otherCashflowsFromFinancingActivities": 364133000, "changeToNetincome": 290361000, "capitalExpenditures": -72752000}, "2019-11-30": {"investments": 3474000, "changeToLiabilities": -14639000, "totalCashflowsFromInvestingActivities": 19596000, "netBorrowings": -1035464000, "totalCashFromFinancingActivities": -1629224000, "changeToOperatingActivities": -496147000, "issuanceOfStock": 493000, "netIncome": 1849052000, "changeInCash": -127285000, "repurchaseOfStock": -523074000, "totalCashFromOperatingActivities": 1482343000, "depreciation": 92200000, "otherCashflowsFromInvestingActivities": 1643000, "dividendsPaid": -51454000, "changeToInventory": -623644000, "changeToAccountReceivables": 312255000, "otherCashflowsFromFinancingActivities": -19725000, "changeToNetincome": 363266000, "capitalExpenditures": -86497000}, "2018-11-30": {"investments": 189100000, "changeToLiabilities": 412796000, "totalCashflowsFromInvestingActivities": -593954000, "netBorrowings": -1760318000, "totalCashFromFinancingActivities": -2195901000, "changeToOperatingActivities": -19118000, "issuanceOfStock": 3061000, "netIncome": 1695831000, "changeInCash": -1098108000, "repurchaseOfStock": -299833000, "totalCashFromOperatingActivities": 1691747000, "depreciation": 91181000, "otherCashflowsFromInvestingActivities": 14077000, "dividendsPaid": -49159000, "changeToInventory": -135870000, "changeToAccountReceivables": -431183000, "otherCashflowsFromFinancingActivities": -89652000, "changeToNetincome": 78110000, "capitalExpenditures": -130439000}}, "quarterly": {"2022-05-31": {"investments": -63082000, "changeToLiabilities": 180240000, "totalCashflowsFromInvestingActivities": -44776000, "netBorrowings": 120783000, "totalCashFromFinancingActivities": -132230000, "changeToOperatingActivities": -49437000, "netIncome": 1320756000, "changeInCash": -52165000, "repurchaseOfStock": -324243000, "totalCashFromOperatingActivities": 124841000, "depreciation": 19430000, "dividendsPaid": -110846000, "changeToInventory": -1200724000, "changeToAccountReceivables": -254255000, "otherCashflowsFromFinancingActivities": 182076000, "changeToNetincome": 108831000, "capitalExpenditures": -5086000}, "2022-02-28": {"investments": -25643000, "changeToLiabilities": 96455000, "totalCashflowsFromInvestingActivities": -19992000, "netBorrowings": -547443000, "totalCashFromFinancingActivities": -1257886000, "changeToOperatingActivities": 359467000, "netIncome": 503581000, "changeInCash": -1350109000, "repurchaseOfStock": -581300000, "totalCashFromOperatingActivities": -72231000, "depreciation": 20089000, "dividendsPaid": -110122000, "changeToInventory": -1913634000, "changeToAccountReceivables": 380502000, "otherCashflowsFromFinancingActivities": -19021000, "changeToNetincome": 481309000, "capitalExpenditures": -5780000}, "2021-11-30": {"investments": 30474000, "changeToLiabilities": 367302000, "totalCashflowsFromInvestingActivities": 26082000, "netBorrowings": -270082000, "totalCashFromFinancingActivities": -1102816000, "changeToOperatingActivities": -337078000, "netIncome": 1190491000, "changeInCash": 143693000, "repurchaseOfStock": -977704000, "totalCashFromOperatingActivities": 1220427000, "depreciation": 20109000, "otherCashflowsFromInvestingActivities": 4000, "dividendsPaid": -75788000, "changeToInventory": 292206000, "changeToAccountReceivables": -421058000, "otherCashflowsFromFinancingActivities": 220758000, "changeToNetincome": 108455000, "capitalExpenditures": -25213000}, "2021-08-31": {"investments": -87496000, "changeToLiabilities": 329291000, "totalCashflowsFromInvestingActivities": -81096000, "netBorrowings": -172176000, "totalCashFromFinancingActivities": -484086000, "changeToOperatingActivities": -208242000, "netIncome": 1406888000, "changeInCash": 29045000, "repurchaseOfStock": -278864000, "totalCashFromOperatingActivities": 594227000, "depreciation": 21102000, "otherCashflowsFromInvestingActivities": 4000, "dividendsPaid": -77662000, "changeToInventory": -676400000, "changeToAccountReceivables": 13372000, "otherCashflowsFromFinancingActivities": 44616000, "changeToNetincome": -291784000, "capitalExpenditures": -15597000}}}}, "NVR": {"balance": {"annual": {"2021-12-31": {"capitalSurplus": 2378191000, "totalLiab": 2832097000, "totalStockholderEquity": 3002378000, "otherCurrentLiab": 13849000, "totalAssets": 5834475000, "commonStock": 206000, "otherCurrentAssets": 60998000, "retainedEarnings": 10047839000, "otherLiab": 417463000, "goodWill": 41580000, "treasuryStock": -9423858000, "otherAssets": 680389000, "cash": 2545069000, "totalCurrentLiabilities": 787001000, "deferredLongTermAssetCharges": 132894000, "propertyPlantEquipment": 115989000, "totalCurrentAssets": 4944453000, "longTermInvestments": 20300000, "netTangibleAssets": 2953451000, "netReceivables": 43752000, "longTermDebt": 1516255000, "inventory": 1947366000, "accountsPayable": 336560000}, "2020-12-31": {"capitalSurplus": 2214426000, "totalLiab": 2674067000, "totalStockholderEquity": 3103074000, "otherCurrentLiab": 15304000, "totalAssets": 5777141000, "commonStock": 206000, "otherCurrentAssets": 29181000, "retainedEarnings": 8811120000, "otherLiab": 240758000, "goodWill": 41580000, "treasuryStock": -7922678000, "otherAssets": 544658000, "cash": 2714720000, "totalCurrentLiabilities": 822758000, "deferredLongTermAssetCharges": 132980000, "propertyPlantEquipment": 110896000, "totalCurrentAssets": 5020180000, "longTermInvestments": 23600000, "netTangibleAssets": 3054147000, "netReceivables": 40799000, "longTermDebt": 1517395000, "inventory": 1709082000, "accountsPayable": 339867000}, "2019-12-31": {"capitalSurplus": 2055407000, "totalLiab": 1468571000, "totalStockholderEquity": 2341244000, "otherCurrentLiab": 15724000, "totalAssets": 3809815000, "commonStock": 206000, "otherCurrentAssets": 18224000, "retainedEarnings": 7909872000, "otherLiab": 131886000, "goodWill": 41580000, "treasuryStock": -7624241000, "otherAssets": 548414000, "cash": 1110892000, "totalCurrentLiabilities": 634507000, "deferredLongTermAssetCharges": 115731000, "propertyPlantEquipment": 116085000, "totalCurrentAssets": 3040730000, "longTermInvestments": 26700000, "netTangibleAssets": 2292317000, "netReceivables": 32878000, "longTermDebt": 598301000, "inventory": 1347288000, "accountsPayable": 262987000}, "2018-12-31": {"intangibleAssets": 621000, "capitalSurplus": 1820223000, "totalLiab": 1357371000, "totalStockholderEquity": 1808562000, "otherCurrentLiab": 17191000, "totalAssets": 3165933000, "commonStock": 206000, "otherCurrentAssets": 17302000, "retainedEarnings": 7031333000, "otherLiab": 138246000, "goodWill": 42021000, "treasuryStock": -7043200000, "otherAssets": 532399000, "cash": 688783000, "totalCurrentLiabilities": 605844000, "deferredLongTermAssetCharges": 112333000, "propertyPlantEquipment": 42234000, "totalCurrentAssets": 2492809000, "longTermInvestments": 29400000, "netTangibleAssets": 1758573000, "netReceivables": 35641000, "longTermDebt": 597681000, "inventory": 1253110000, "accountsPayable": 244496000}}, "quarterly": {"2022-06-30": {"capitalSurplus": 2498123000, "totalLiab": 2296033000, "totalStockholderEquity": 2991666000, "totalAssets": 5287699000, "commonStock": 206000, "otherCurrentAssets": 60695000, "retainedEarnings": 10907253000, "otherLiab": 439119000, "goodWill": 41580000, "treasuryStock": -10413916000, "otherAssets": 703727000, "cash": 1483703000, "totalCurrentLiabilities": 839240000, "propertyPlantEquipment": 125720000, "totalCurrentAssets": 4344319000, "longTermInvestments": 30000000, "netTangibleAssets": 2942739000, "netReceivables": 53407000, "longTermDebt": 915801000, "inventory": 2378745000, "accountsPayable": 417771000}, "2022-03-31": {"capitalSurplus": 2416660000, "totalLiab": 3000614000, "totalStockholderEquity": 2725599000, "totalAssets": 5726213000, "commonStock": 206000, "otherCurrentAssets": 65562000, "retainedEarnings": 10473939000, "otherLiab": 453178000, "goodWill": 41580000, "treasuryStock": -10165206000, "otherAssets": 732717000, "cash": 2138706000, "totalCurrentLiabilities": 957705000, "propertyPlantEquipment": 116648000, "totalCurrentAssets": 4756663000, "longTermInvestments": 18800000, "netTangibleAssets": 2676672000, "netReceivables": 23471000, "longTermDebt": 1515964000, "inventory": 2193639000, "accountsPayable": 398516000}, "2021-12-31": {"capitalSurplus": 2378191000, "totalLiab": 2832097000, "totalStockholderEquity": 3002378000, "otherCurrentLiab": 13849000, "totalAssets": 5834475000, "commonStock": 206000, "otherCurrentAssets": 60998000, "retainedEarnings": 10047839000, "otherLiab": 417463000, "goodWill": 41580000, "treasuryStock": -9423858000, "otherAssets": 680389000, "cash": 2545069000, "totalCurrentLiabilities": 787001000, "deferredLongTermAssetCharges": 132894000, "propertyPlantEquipment": 115989000, "totalCurrentAssets": 4944453000, "longTermInvestments": 20300000, "netTangibleAssets": 2953451000, "netReceivables": 43752000, "longTermDebt": 1516255000, "inventory": 1947366000, "accountsPayable": 336560000}, "2021-09-30": {"capitalSurplus": 2349000000, "totalLiab": 2771843000, "totalStockholderEquity": 3017051000, "totalAssets": 5788894000, "commonStock": 206000, "otherCurrentAssets": 41820000, "retainedEarnings": 9713258000, "otherLiab": 381594000, "goodWill": 41580000, "treasuryStock": -9045413000, "otherAssets": 619441000, "cash": 2681381000, "totalCurrentLiabilities": 780765000, "propertyPlantEquipment": 115858000, "totalCurrentAssets": 4953897000, "longTermInvestments": 20800000, "netTangibleAssets": 2968124000, "netReceivables": 46825000, "longTermDebt": 1516544000, "inventory": 1863525000, "accountsPayable": 329863000}}}, "income": {"annual": {"2021-12-31": {"researchDevelopment": null, "effectOfAccountingCharges": null, "incomeBeforeTax": 1590403000, "minorityInterest": null, "netIncome": 1236719000, "sellingGeneralAdministrative": 474808000, "grossProfit": 2116741000, "ebit": 1641933000, "operatingIncome": 1641933000, "otherOperatingExpenses": null, "interestExpense": -51530000, "extraordinaryItems": null, "nonRecurring": null, "otherItems": null, "incomeTaxExpense": 353684000, "totalRevenue": 8966309000, "totalOperatingExpenses": 7324376000, "costOfRevenue": 6849568000, "totalOtherIncomeExpenseNet": -51530000, "discontinuedOperations": null, "netIncomeFromContinuingOps": 1236719000, "netIncomeApplicableToCommonShares": 1236719000}, "2020-12-31": {"researchDevelopment": null, "effectOfAccountingCharges": null, "incomeBeforeTax": 1078033000, "minorityInterest": null, "netIncome": 901248000, "sellingGeneralAdministrative": 431008000, "grossProfit": 1548499000, "ebit": 1117491000, "operatingIncome": 1117491000, "otherOperatingExpenses": null, "interestExpense": -39458000, "extraordinaryItems": null, "nonRecurring": null, "otherItems": null, "incomeTaxExpense": 176785000, "totalRevenue": 7562791000, "totalOperatingExpenses": 6445300000, "costOfRevenue": 6014292000, "totalOtherIncomeExpenseNet": -39458000, "discontinuedOperations": null, "netIncomeFromContinuingOps": 901248000, "netIncomeApplicableToCommonShares": 901248000}, "2019-12-31": {"researchDevelopment": null, "effectOfAccountingCharges": null, "incomeBeforeTax": 1025795000, "minorityInterest": null, "netIncome": 878539000, "sellingGeneralAdministrative": 447547000, "grossProfit": 1497677000, "ebit": 1050130000, "operatingIncome": 1050130000, "otherOperatingExpenses": null, "interestExpense": -24335000, "extraordinaryItems": null, "nonRecurring": null, "otherItems": null, "incomeTaxExpense": 147256000, "totalRevenue": 7425585000, "totalOperatingExpenses": 6375455000, "costOfRevenue": 5927908000, "totalOtherIncomeExpenseNet": -24335000, "discontinuedOperations": null, "netIncomeFromContinuingOps": 878539000, "netIncomeApplicableToCommonShares": 878539000}, "2018-12-31": {"researchDevelopment": null, "effectOfAccountingCharges": null, "incomeBeforeTax": 959732000, "minorityInterest": null, "netIncome": 797197000, "sellingGeneralAdministrative": 428874000, "grossProfit": 1412642000, "ebit": 983768000, "operatingIncome": 983768000, "otherOperatingExpenses": null, "interestExpense": -24036000, "extraordinaryItems": null, "nonRecurring": null, "otherItems": null, "incomeTaxExpense": 162535000, "totalRevenue": 7187106000, "totalOperatingExpenses": 6203338000, "costOfRevenue": 5774464000, "totalOtherIncomeExpenseNet": -24036000, "discontinuedOperations": null, "netIncomeFromContinuingOps": 797197000, "netIncomeApplicableToCommonShares": 797197000}}, "quarterly": {"2022-06-30": {"researchDevelopment": null, "effectOfAccountingCharges": null, "incomeBeforeTax": 574012000, "minorityInterest": null, "netIncome": 433314000, "sellingGeneralAdministrative": 132432000, "grossProfit": 718296000, "ebit": 585864000, "operatingIncome": 585864000, "otherOperatingExpenses": null, "interestExpense": -11852000, "extraordinaryItems": null, "nonRecurring": null, "otherItems": null, "incomeTaxExpense": 140698000, "totalRevenue": 2665611000, "totalOperatingExpenses": 2079747000, "costOfRevenue": 1947315000, "totalOtherIncomeExpenseNet": -11852000, "discontinuedOperations": null, "netIncomeFromContinuingOps": 433314000, "netIncomeApplicableToCommonShares": 433314000}, "2022-03-31": {"researchDevelopment": null, "effectOfAccountingCharges": null, "incomeBeforeTax": 565945000, "minorityInterest": null, "netIncome": 426100000, "sellingGeneralAdministrative": 129510000, "grossProfit": 708259000, "ebit": 578749000, "operatingIncome": 578749000, "otherOperatingExpenses": null, "interestExpense": -12804000, "extraordinaryItems": null, "nonRecurring": null, "otherItems": null, "incomeTaxExpense": 139845000, "totalRevenue": 2381822000, "totalOperatingExpenses": 1803073000, "costOfRevenue": 1673563000, "totalOtherIncomeExpenseNet": -12804000, "discontinuedOperations": null, "netIncomeFromContinuingOps": 426100000, "netIncomeApplicableToCommonShares": 426100000}, "2021-12-31": {"researchDevelopment": null, "effectOfAccountingCharges": null, "incomeBeforeTax": 426805000, "minorityInterest": null, "netIncome": 334581000, "sellingGeneralAdministrative": 127757000, "grossProfit": 567398000, "ebit": 439641000, "operatingIncome": 439641000, "otherOperatingExpenses": null, "interestExpense": -12836000, "extraordinaryItems": null, "nonRecurring": null, "otherItems": null, "incomeTaxExpense": 92224000, "totalRevenue": 2234334000, "totalOperatingExpenses": 1794693000, "costOfRevenue": 1666936000, "totalOtherIncomeExpenseNet": -12836000, "discontinuedOperations": null, "netIncomeFromContinuingOps": 334581000, "netIncomeApplicableToCommonShares": 334581000}, "2021-09-30": {"researchDevelopment": null, "effectOfAccountingCharges": null, "incomeBeforeTax": 434127000, "minorityInterest": null, "netIncome": 332081000, "sellingGeneralAdministrative": 112226000, "grossProfit": 559191000, "ebit": 446965000, "operatingIncome": 446965000, "otherOperatingExpenses": null, "interestExpense": -12838000, "extraordinaryItems": null, "nonRecurring": null, "otherItems": null, "incomeTaxExpense": 102046000, "totalRevenue": 2399472000, "totalOperatingExpenses": 1952507000, "costOfRevenue": 1840281000, "totalOtherIncomeExpenseNet": -12838000, "discontinuedOperations": null, "netIncomeFromContinuingOps": 332081000, "netIncomeApplicableToCommonShares": 332081000}}}, "cash": {"annual": {"2021-12-31": {"investments": -1282000, "changeToLiabilities": 156751000, "totalCashflowsFromInvestingActivities": -18179000, "netBorrowings": -1363000, "totalCashFromFinancingActivities": -1397012000, "changeToOperatingActivities": -87374000, "issuanceOfStock": 142370000, "netIncome": 1236719000, "changeInCash": -172798000, "repurchaseOfStock": -1538019000, "totalCashFromOperatingActivities": 1242393000, "depreciation": 19463000, "changeToInventory": -238284000, "changeToAccountReceivables": 1956000, "changeToNetincome": 153162000, "capitalExpenditures": -17875000}, "2020-12-31": {"investments": 11190000, "changeToLiabilities": 277539000, "totalCashflowsFromInvestingActivities": -3933000, "netBorrowings": 922916000, "totalCashFromFinancingActivities": 727642000, "changeToOperatingActivities": 519000, "issuanceOfStock": 180866000, "netIncome": 901248000, "changeInCash": 1648978000, "repurchaseOfStock": -371078000, "totalCashFromOperatingActivities": 925269000, "depreciation": 21992000, "changeToInventory": -362384000, "changeToAccountReceivables": -1675000, "otherCashflowsFromFinancingActivities": -5062000, "changeToNetincome": 88030000, "capitalExpenditures": -16119000}, "2019-12-31": {"investments": 7545000, "changeToLiabilities": 27566000, "totalCashflowsFromInvestingActivities": -13284000, "netBorrowings": -306000, "totalCashFromFinancingActivities": -424695000, "changeToOperatingActivities": -16994000, "issuanceOfStock": 274028000, "netIncome": 878539000, "changeInCash": 428556000, "repurchaseOfStock": -698417000, "totalCashFromOperatingActivities": 866535000, "depreciation": 20818000, "changeToInventory": -94178000, "changeToAccountReceivables": 2754000, "otherCashflowsFromFinancingActivities": -5062000, "changeToNetincome": 48030000, "capitalExpenditures": -22699000}, "2018-12-31": {"investments": 10231000, "changeToLiabilities": -42500000, "totalCashflowsFromInvestingActivities": -8177000, "netBorrowings": -306000, "totalCashFromFinancingActivities": -672258000, "changeToOperatingActivities": -30863000, "issuanceOfStock": 174110000, "netIncome": 797197000, "changeInCash": 42691000, "repurchaseOfStock": -846134000, "totalCashFromOperatingActivities": 723126000, "depreciation": 20168000, "changeToInventory": -6911000, "changeToAccountReceivables": -1008000, "otherCashflowsFromFinancingActivities": -234000, "changeToNetincome": -12957000, "capitalExpenditures": -19665000}}, "quarterly": {"2022-06-30": {"investments": -8750000, "changeToLiabilities": -115426000, "totalCashflowsFromInvestingActivities": -13309000, "netBorrowings": -600367000, "totalCashFromFinancingActivities": -787701000, "changeToOperatingActivities": -11938000, "issuanceOfStock": 79581000, "netIncome": 433314000, "changeInCash": -663130000, "repurchaseOfStock": -266915000, "totalCashFromOperatingActivities": 137880000, "depreciation": 4531000, "changeToInventory": -185106000, "changeToAccountReceivables": -2612000, "changeToNetincome": 15117000, "capitalExpenditures": -4695000}, "2022-03-31": {"investments": -472000, "changeToLiabilities": 162798000, "totalCashflowsFromInvestingActivities": -4318000, "netBorrowings": -356000, "totalCashFromFinancingActivities": -714903000, "changeToOperatingActivities": -8979000, "issuanceOfStock": 34241000, "netIncome": 426100000, "changeInCash": -409895000, "repurchaseOfStock": -748788000, "totalCashFromOperatingActivities": 309326000, "depreciation": 4460000, "changeToInventory": -246273000, "changeToAccountReceivables": -13782000, "changeToNetincome": -14998000, "capitalExpenditures": -4056000}, "2021-12-31": {"investments": -421000, "changeToLiabilities": 60885000, "totalCashflowsFromInvestingActivities": -6193000, "netBorrowings": -355000, "totalCashFromFinancingActivities": -364984000, "changeToOperatingActivities": -39221000, "issuanceOfStock": 20535000, "netIncome": 334581000, "changeInCash": -111076000, "repurchaseOfStock": -385164000, "totalCashFromOperatingActivities": 260101000, "depreciation": 4743000, "changeToInventory": -83841000, "changeToAccountReceivables": 4305000, "changeToNetincome": -21351000, "capitalExpenditures": -5929000}, "2021-09-30": {"investments": -202000, "changeToLiabilities": -36762000, "totalCashflowsFromInvestingActivities": -5364000, "netBorrowings": -347000, "totalCashFromFinancingActivities": -372674000, "changeToOperatingActivities": -23835000, "issuanceOfStock": 26162000, "netIncome": 332081000, "changeInCash": 83234000, "repurchaseOfStock": -398489000, "totalCashFromOperatingActivities": 461272000, "depreciation": 4682000, "changeToInventory": 109848000, "changeToAccountReceivables": 1978000, "changeToNetincome": 73280000, "capitalExpenditures": -5326000}}}}, "PHM": {"balance": {"annual": {"2021-12-31": {"intangibleAssets": 78023000, "capitalSurplus": 3290791000, "totalLiab": 5863116000, "totalStockholderEquity": 7489515000, "otherCurrentLiab": 108453000, "totalAssets": 13352631000, "commonStock": 2493000, "otherCurrentAssets": 460540000, "retainedEarnings": 4196276000, "otherLiab": 1454875000, "goodWill": 68900000, "treasuryStock": -45000, "otherAssets": 152496000, "cash": 1779088000, "totalCurrentLiabilities": 2309315000, "deferredLongTermAssetCharges": 139038000, "shortLongTermDebt": 37000, "otherStockholderEquity": -45000, "propertyPlantEquipment": 223466000, "totalCurrentAssets": 12731591000, "longTermInvestments": 98155000, "netTangibleAssets": 7342592000, "netReceivables": 299714000, "longTermDebt": 2029043000, "inventory": 9076845000, "accountsPayable": 533706000}, "2020-12-31": {"intangibleAssets": 94525000, "capitalSurplus": 3261412000, "totalLiab": 5635509000, "totalStockholderEquity": 6569989000, "otherCurrentLiab": 88681000, "totalAssets": 12205498000, "commonStock": 2665000, "otherCurrentAssets": 342563000, "retainedEarnings": 3306057000, "otherLiab": 868593000, "goodWill": 68900000, "treasuryStock": -145000, "otherAssets": 149292000, "cash": 2582205000, "totalCurrentLiabilities": 1923249000, "deferredLongTermAssetCharges": 136267000, "shortLongTermDebt": 684000, "otherStockholderEquity": -145000, "propertyPlantEquipment": 203017000, "totalCurrentAssets": 11654202000, "longTermInvestments": 35562000, "netTangibleAssets": 6406564000, "netReceivables": 270044000, "longTermDebt": 2752302000, "inventory": 7749760000, "accountsPayable": 426816000}, "2019-12-31": {"intangibleAssets": 84592000, "capitalSurplus": 3235149000, "totalLiab": 5257417000, "totalStockholderEquity": 5458180000, "otherCurrentLiab": 92761000, "totalAssets": 10715597000, "commonStock": 2702000, "otherCurrentAssets": 334159000, "retainedEarnings": 2220574000, "otherLiab": 606700000, "goodWill": 40400000, "treasuryStock": -245000, "otherAssets": 201432000, "cash": 1217913000, "totalCurrentLiabilities": 1794269000, "deferredLongTermAssetCharges": 170107000, "shortLongTermDebt": 433000, "otherStockholderEquity": -245000, "propertyPlantEquipment": 181742000, "totalCurrentAssets": 10147665000, "longTermInvestments": 59766000, "netTangibleAssets": 5333188000, "netReceivables": 250432000, "longTermDebt": 2765040000, "inventory": 7704623000, "accountsPayable": 384089000}, "2018-12-31": {"intangibleAssets": 86792000, "capitalSurplus": 3201427000, "totalLiab": 5355194000, "totalStockholderEquity": 4817782000, "otherCurrentLiab": 97963000, "totalAssets": 10172976000, "commonStock": 2771000, "otherCurrentAssets": 242888000, "retainedEarnings": 1613929000, "otherLiab": 576850000, "goodWill": 40400000, "treasuryStock": -345000, "otherAssets": 305612000, "cash": 1110088000, "totalCurrentLiabilities": 1750278000, "deferredLongTermAssetCharges": 275579000, "shortLongTermDebt": 1272000, "otherStockholderEquity": -345000, "propertyPlantEquipment": 92935000, "totalCurrentAssets": 9592647000, "longTermInvestments": 54590000, "netTangibleAssets": 4690590000, "netReceivables": 347396000, "longTermDebt": 3028066000, "inventory": 7290202000, "accountsPayable": 297648000}}, "quarterly": {"2022-06-30": {"intangibleAssets": 141337000, "capitalSurplus": 3319150000, "totalLiab": 5955120000, "totalStockholderEquity": 7745216000, "otherCurrentLiab": 3651000, "totalAssets": 13700336000, "commonStock": 2326000, "otherCurrentAssets": 80739000, "retainedEarnings": 4423740000, "otherLiab": 1195783000, "otherAssets": 1156455000, "cash": 662780000, "totalCurrentLiabilities": 2666438000, "deferredLongTermAssetCharges": 120524000, "shortLongTermDebt": 3733000, "propertyPlantEquipment": 70800000, "totalCurrentAssets": 12181248000, "longTermInvestments": 150496000, "netTangibleAssets": 7603879000, "netReceivables": 49200000, "longTermDebt": 2030112000, "inventory": 10762216000, "accountsPayable": 750508000}, "2022-03-31": {"intangibleAssets": 144102000, "capitalSurplus": 3309912000, "totalLiab": 5750976000, "totalStockholderEquity": 7413264000, "otherCurrentLiab": 512000, "totalAssets": 13164240000, "commonStock": 2396000, "otherCurrentAssets": 402193000, "retainedEarnings": 4100976000, "otherLiab": 1170461000, "treasuryStock": -20000, "otherAssets": 763780000, "cash": 1145007000, "totalCurrentLiabilities": 2479127000, "deferredLongTermAssetCharges": 131629000, "shortLongTermDebt": 2709000, "otherStockholderEquity": -20000, "propertyPlantEquipment": 69000000, "totalCurrentAssets": 12081300000, "longTermInvestments": 106058000, "netTangibleAssets": 7269162000, "netReceivables": 73800000, "longTermDebt": 2030108000, "inventory": 9893251000, "accountsPayable": 628820000}, "2021-12-31": {"intangibleAssets": 78023000, "capitalSurplus": 3290791000, "totalLiab": 5863116000, "totalStockholderEquity": 7489515000, "otherCurrentLiab": 108453000, "totalAssets": 13352631000, "commonStock": 2493000, "otherCurrentAssets": 460540000, "retainedEarnings": 4196276000, "otherLiab": 1454875000, "goodWill": 68900000, "treasuryStock": -45000, "otherAssets": 152496000, "cash": 1779088000, "totalCurrentLiabilities": 2309315000, "deferredLongTermAssetCharges": 139038000, "shortLongTermDebt": 37000, "otherStockholderEquity": -45000, "propertyPlantEquipment": 223466000, "totalCurrentAssets": 12731591000, "longTermInvestments": 98155000, "netTangibleAssets": 7342592000, "netReceivables": 299714000, "longTermDebt": 2029043000, "inventory": 9076845000, "accountsPayable": 533706000}, "2021-09-30": {"intangibleAssets": 149854000, "capitalSurplus": 3285290000, "totalLiab": 5430099000, "totalStockholderEquity": 7141752000, "otherCurrentLiab": 569000, "totalAssets": 12571851000, "commonStock": 2550000, "otherCurrentAssets": 417238000, "retainedEarnings": 3853982000, "otherLiab": 945450000, "treasuryStock": -70000, "otherAssets": 635461000, "cash": 1568324000, "totalCurrentLiabilities": 2333365000, "deferredLongTermAssetCharges": 141758000, "shortLongTermDebt": 500000, "otherStockholderEquity": -70000, "propertyPlantEquipment": 78000000, "totalCurrentAssets": 11644252000, "longTermInvestments": 64284000, "netTangibleAssets": 6991898000, "netReceivables": 67800000, "longTermDebt": 2059923000, "inventory": 8936025000, "accountsPayable": 490717000}}}, "income": {"annual": {"2021-12-31": {"researchDevelopment": null, "effectOfAccountingCharges": null, "incomeBeforeTax": 2509845000, "minorityInterest": null, "netIncome": 1946320000, "sellingGeneralAdministrative": 1208698000, "grossProfit": 3783112000, "ebit": 2564966000, "operatingIncome": 2564966000, "otherOperatingExpenses": 9448000, "interestExpense": -502000, "extraordinaryItems": null, "nonRecurring": null, "otherItems": null, "incomeTaxExpense": 563525000, "totalRevenue": 13926882000, "totalOperatingExpenses": 11361916000, "costOfRevenue": 10143770000, "totalOtherIncomeExpenseNet": -55121000, "discontinuedOperations": null, "netIncomeFromContinuingOps": 1946320000, "netIncomeApplicableToCommonShares": 1929985000}, "2020-12-31": {"researchDevelopment": null, "effectOfAccountingCharges": null, "incomeBeforeTax": 1728694000, "minorityInterest": null, "netIncome": 1406839000, "sellingGeneralAdministrative": 1001142000, "grossProfit": 2786016000, "ebit": 1775020000, "operatingIncome": 1775020000, "otherOperatingExpenses": 9854000, "interestExpense": -4248000, "extraordinaryItems": null, "nonRecurring": null, "otherItems": null, "incomeTaxExpense": 321855000, "totalRevenue": 11036082000, "totalOperatingExpenses": 9261062000, "costOfRevenue": 8250066000, "totalOtherIncomeExpenseNet": -46326000, "discontinuedOperations": null, "netIncomeFromContinuingOps": 1406839000, "netIncomeApplicableToCommonShares": 1394385000}, "2019-12-31": {"researchDevelopment": null, "effectOfAccountingCharges": null, "incomeBeforeTax": 1339576000, "minorityInterest": null, "netIncome": 1016700000, "sellingGeneralAdministrative": 1044337000, "grossProfit": 2411374000, "ebit": 1354702000, "operatingIncome": 1354702000, "otherOperatingExpenses": 12335000, "interestExpense": -584000, "extraordinaryItems": null, "nonRecurring": null, "otherItems": null, "incomeTaxExpense": 322876000, "totalRevenue": 10212957000, "totalOperatingExpenses": 8858255000, "costOfRevenue": 7801583000, "totalOtherIncomeExpenseNet": -15126000, "discontinuedOperations": null, "netIncomeFromContinuingOps": 1016700000, "netIncomeApplicableToCommonShares": 1006329000}, "2018-12-31": {"researchDevelopment": null, "effectOfAccountingCharges": null, "incomeBeforeTax": 1347540000, "minorityInterest": null, "netIncome": 1022023000, "sellingGeneralAdministrative": 1012023000, "grossProfit": 2455866000, "ebit": 1437397000, "operatingIncome": 1437397000, "otherOperatingExpenses": 6446000, "interestExpense": -618000, "extraordinaryItems": null, "nonRecurring": null, "otherItems": null, "incomeTaxExpense": 325517000, "totalRevenue": 10188331000, "totalOperatingExpenses": 8750934000, "costOfRevenue": 7732465000, "totalOtherIncomeExpenseNet": -89857000, "discontinuedOperations": null, "netIncomeFromContinuingOps": 1022023000, "netIncomeApplicableToCommonShares": 1010831000}}, "quarterly": {"2022-06-30": {"researchDevelopment": null, "effectOfAccountingCharges": null, "incomeBeforeTax": 864573000, "minorityInterest": null, "netIncome": 652435000, "sellingGeneralAdministrative": 351256000, "grossProfit": 1220474000, "ebit": 868128000, "operatingIncome": 868128000, "otherOperatingExpenses": 1090000, "interestExpense": -65000, "extraordinaryItems": null, "nonRecurring": null, "otherItems": null, "incomeTaxExpense": 212138000, "totalRevenue": 3926186000, "totalOperatingExpenses": 3058058000, "costOfRevenue": 2705712000, "totalOtherIncomeExpenseNet": -3555000, "discontinuedOperations": null, "netIncomeFromContinuingOps": 652435000, "netIncomeApplicableToCommonShares": 648546000}, "2022-03-31": {"researchDevelopment": null, "effectOfAccountingCharges": null, "incomeBeforeTax": 599893000, "minorityInterest": null, "netIncome": 454723000, "sellingGeneralAdministrative": 329022000, "grossProfit": 930989000, "ebit": 601880000, "operatingIncome": 601880000, "otherOperatingExpenses": 87000, "interestExpense": -86000, "extraordinaryItems": null, "nonRecurring": null, "otherItems": null, "incomeTaxExpense": 145170000, "totalRevenue": 3187615000, "totalOperatingExpenses": 2585735000, "costOfRevenue": 2256626000, "totalOtherIncomeExpenseNet": -1987000, "discontinuedOperations": null, "netIncomeFromContinuingOps": 454723000, "netIncomeApplicableToCommonShares": 451444000}, "2021-12-31": {"researchDevelopment": null, "effectOfAccountingCharges": null, "incomeBeforeTax": 855917000, "minorityInterest": null, "netIncome": 663265000, "sellingGeneralAdministrative": 344220000, "grossProfit": 1194476000, "ebit": 849523000, "operatingIncome": 849523000, "otherOperatingExpenses": 733000, "interestExpense": -115000, "extraordinaryItems": null, "nonRecurring": null, "otherItems": null, "incomeTaxExpense": 192652000, "totalRevenue": 4358558000, "totalOperatingExpenses": 3509035000, "costOfRevenue": 3164082000, "totalOtherIncomeExpenseNet": 6394000, "discontinuedOperations": null, "netIncomeFromContinuingOps": 663265000, "netIncomeApplicableToCommonShares": 657376000}, "2021-09-30": {"researchDevelopment": null, "effectOfAccountingCharges": null, "incomeBeforeTax": 620402000, "minorityInterest": null, "netIncome": 475549000, "sellingGeneralAdministrative": 320506000, "grossProfit": 945650000, "ebit": 623044000, "operatingIncome": 623044000, "otherOperatingExpenses": 2100000, "interestExpense": -115000, "extraordinaryItems": null, "nonRecurring": null, "otherItems": null, "incomeTaxExpense": 144853000, "totalRevenue": 3479050000, "totalOperatingExpenses": 2856006000, "costOfRevenue": 2533400000, "totalOtherIncomeExpenseNet": -2642000, "discontinuedOperations": null, "netIncomeFromContinuingOps": 475549000, "netIncomeApplicableToCommonShares": 471707000}}}, "cash": {"annual": {"2021-12-31": {"investments": -47664000, "changeToLiabilities": 640685000, "totalCashflowsFromInvestingActivities": -124132000, "netBorrowings": -622591000, "totalCashFromFinancingActivities": -1678559000, "changeToOperatingActivities": -542719000, "issuanceOfStock": 11000, "netIncome": 1946320000, "changeInCash": -798670000, "repurchaseOfStock": -908145000, "totalCashFromOperatingActivities": 1004021000, "depreciation": 69953000, "otherCashflowsFromInvestingActivities": 6713000, "dividendsPaid": -147834000, "changeToInventory": -1266398000, "changeToNetincome": 156180000, "capitalExpenditures": -72781000}, "2020-12-31": {"investments": 27186000, "changeToLiabilities": 201649000, "totalCashflowsFromInvestingActivities": -107947000, "netBorrowings": 19981000, "totalCashFromFinancingActivities": -295616000, "changeToOperatingActivities": -103039000, "issuanceOfStock": 111000, "netIncome": 1406839000, "changeInCash": 1380779000, "repurchaseOfStock": -185529000, "totalCashFromOperatingActivities": 1784342000, "depreciation": 66081000, "otherCashflowsFromInvestingActivities": 6472000, "dividendsPaid": -130179000, "changeToInventory": 2988000, "changeToNetincome": 209824000, "capitalExpenditures": -58354000}, "2019-12-31": {"investments": -9301000, "changeToLiabilities": 140984000, "totalCashflowsFromInvestingActivities": -224686000, "netBorrowings": -331826000, "totalCashFromFinancingActivities": -733560000, "changeToOperatingActivities": -64929000, "issuanceOfStock": 6399000, "netIncome": 1016700000, "changeInCash": 117756000, "repurchaseOfStock": -285783000, "totalCashFromOperatingActivities": 1076002000, "depreciation": 53999000, "otherCashflowsFromInvestingActivities": 6458000, "dividendsPaid": -122350000, "changeToInventory": -237741000, "changeToNetincome": 166989000, "capitalExpenditures": -58119000}, "2018-12-31": {"investments": 10275000, "changeToLiabilities": -101400000, "totalCashflowsFromInvestingActivities": -40475000, "netBorrowings": -172168000, "totalCashFromFinancingActivities": -580273000, "changeToOperatingActivities": 41689000, "issuanceOfStock": 6555000, "netIncome": 1022023000, "changeInCash": 827532000, "repurchaseOfStock": -302476000, "totalCashFromOperatingActivities": 1448280000, "depreciation": 49429000, "otherCashflowsFromInvestingActivities": 8289000, "dividendsPaid": -104020000, "changeToInventory": -50362000, "otherCashflowsFromFinancingActivities": -8164000, "changeToNetincome": 486901000, "capitalExpenditures": -59039000}}, "quarterly": {"2022-06-30": {"investments": -40789000, "changeToLiabilities": 163072000, "totalCashflowsFromInvestingActivities": -75174000, "netBorrowings": 42526000, "totalCashFromFinancingActivities": -299269000, "changeToOperatingActivities": -95740000, "netIncome": 652435000, "changeInCash": -479766000, "repurchaseOfStock": -294227000, "totalCashFromOperatingActivities": -105323000, "depreciation": 17212000, "otherCashflowsFromInvestingActivities": -2514000, "dividendsPaid": -36401000, "changeToInventory": -868361000, "otherCashflowsFromFinancingActivities": -11167000, "changeToNetincome": 26059000, "capitalExpenditures": -31871000}, "2022-03-31": {"investments": -6681000, "changeToLiabilities": 117650000, "totalCashflowsFromInvestingActivities": -47966000, "netBorrowings": -229985000, "totalCashFromFinancingActivities": -781395000, "changeToOperatingActivities": 401521000, "netIncome": 454723000, "changeInCash": -621695000, "repurchaseOfStock": -513614000, "totalCashFromOperatingActivities": 207666000, "depreciation": 16181000, "otherCashflowsFromInvestingActivities": -199000, "dividendsPaid": -37796000, "changeToInventory": -814768000, "otherCashflowsFromFinancingActivities": -11167000, "changeToNetincome": 32359000, "capitalExpenditures": -30686000}, "2021-12-31": {"investments": -23352000, "changeToLiabilities": 245788000, "totalCashflowsFromInvestingActivities": -37664000, "netBorrowings": 110120000, "totalCashFromFinancingActivities": -209218000, "changeToOperatingActivities": -391024000, "netIncome": 663265000, "changeInCash": 208914000, "repurchaseOfStock": -283200000, "totalCashFromOperatingActivities": 455796000, "depreciation": 16930000, "otherCashflowsFromInvestingActivities": 6335000, "dividendsPaid": -36138000, "changeToInventory": -129047000, "otherCashflowsFromFinancingActivities": -11167000, "changeToNetincome": 49884000, "capitalExpenditures": -20647000}, "2021-09-30": {"investments": -18892000, "changeToLiabilities": 159847000, "totalCashflowsFromInvestingActivities": -39084000, "netBorrowings": 123877000, "totalCashFromFinancingActivities": -173544000, "changeToOperatingActivities": -50262000, "netIncome": 475549000, "changeInCash": -96471000, "repurchaseOfStock": -260635000, "totalCashFromOperatingActivities": 116157000, "depreciation": 17616000, "otherCashflowsFromInvestingActivities": 395000, "dividendsPaid": -36786000, "changeToInventory": -504704000, "otherCashflowsFromFinancingActivities": -11167000, "changeToNetincome": 18111000, "capitalExpenditures": -20587000}}}}}