{"KO": {"balance": {"annual": {"2021-12-31": {"intangibleAssets": 15250000000, "capitalSurplus": 18116000000, "totalLiab": 69494000000, "totalStockholderEquity": 22999000000, "minorityInterest": 1861000000, "otherCurrentLiab": 1859000000, "totalAssets": 94354000000, "commonStock": 1760000000, "otherCurrentAssets": 1018000000, "retainedEarnings": 69094000000, "otherLiab": 10253000000, "goodWill": 19363000000, "treasuryStock": -65971000000, "otherAssets": 5318000000, "cash": 9684000000, "totalCurrentLiabilities": 19950000000, "deferredLongTermAssetCharges": 2129000000, "shortLongTermDebt": 1338000000, "otherStockholderEquity": -14330000000, "propertyPlantEquipment": 11338000000, "totalCurrentAssets": 22545000000, "longTermInvestments": 20540000000, "netTangibleAssets": -11614000000, "shortTermInvestments": 2941000000, "netReceivables": 3512000000, "longTermDebt": 38130000000, "inventory": 3414000000, "accountsPayable": 4602000000}, "2020-12-31": {"intangibleAssets": 11044000000, "capitalSurplus": 17601000000, "totalLiab": 66012000000, "totalStockholderEquity": 19299000000, "minorityInterest": 1985000000, "otherCurrentLiab": 2010000000, "totalAssets": 87296000000, "commonStock": 1760000000, "otherCurrentAssets": 152000000, "retainedEarnings": 66555000000, "otherLiab": 9986000000, "goodWill": 17506000000, "treasuryStock": -66617000000, "otherAssets": 4870000000, "cash": 6795000000, "totalCurrentLiabilities": 14601000000, "deferredLongTermAssetCharges": 2460000000, "shortLongTermDebt": 490000000, "otherStockholderEquity": -14601000000, "propertyPlantEquipment": 12325000000, "totalCurrentAssets": 19240000000, "longTermInvestments": 22311000000, "netTangibleAssets": -9251000000, "shortTermInvestments": 4119000000, "netReceivables": 3144000000, "longTermDebt": 40125000000, "inventory": 3266000000, "accountsPayable": 3517000000}, "2019-12-31": {"intangibleAssets": 10002000000, "capitalSurplus": 17154000000, "totalLiab": 65283000000, "totalStockholderEquity": 18981000000, "minorityInterest": 2117000000, "otherCurrentLiab": 1636000000, "totalAssets": 86381000000, "commonStock": 1760000000, "otherCurrentAssets": 57000000, "retainedEarnings": 65855000000, "otherLiab": 9662000000, "goodWill": 16764000000, "treasuryStock": -65788000000, "otherAssets": 5264000000, "cash": 6480000000, "totalCurrentLiabilities": 26973000000, "deferredLongTermAssetCharges": 2412000000, "shortLongTermDebt": 4253000000, "otherStockholderEquity": -13544000000, "propertyPlantEquipment": 12210000000, "totalCurrentAssets": 20411000000, "longTermInvestments": 21730000000, "netTangibleAssets": -7785000000, "shortTermInvestments": 4695000000, "netReceivables": 3971000000, "longTermDebt": 27537000000, "inventory": 3379000000, "accountsPayable": 3804000000}, "2018-12-31": {"intangibleAssets": 7478000000, "capitalSurplus": 16520000000, "totalLiab": 64158000000, "totalStockholderEquity": 16981000000, "minorityInterest": 2077000000, "otherCurrentLiab": 598000000, "totalAssets": 83216000000, "commonStock": 1760000000, "otherCurrentAssets": 113000000, "retainedEarnings": 63234000000, "otherLiab": 9960000000, "goodWill": 14109000000, "treasuryStock": -64533000000, "otherAssets": 5563000000, "cash": 9077000000, "totalCurrentLiabilities": 28782000000, "deferredLongTermAssetCharges": 2674000000, "shortLongTermDebt": 5003000000, "otherStockholderEquity": -12814000000, "propertyPlantEquipment": 9598000000, "totalCurrentAssets": 24930000000, "longTermInvestments": 21538000000, "netTangibleAssets": -4606000000, "shortTermInvestments": 7038000000, "netReceivables": 3685000000, "longTermDebt": 25416000000, "inventory": 3071000000, "accountsPayable": 2719000000}}, "quarterly": {"2022-07-01": {"intangibleAssets": 14978000000, "capitalSurplus": 18581000000, "totalLiab": 68366000000, "totalStockholderEquity": 23005000000, "minorityInterest": 1798000000, "otherCurrentLiab": 1490000000, "totalAssets": 93169000000, "commonStock": 1760000000, "otherCurrentAssets": 1255000000, "retainedEarnings": 69970000000, "otherLiab": 10164000000, "goodWill": 18910000000, "treasuryStock": -67306000000, "otherAssets": 6794000000, "cash": 8976000000, "totalCurrentLiabilities": 20531000000, "deferredLongTermAssetCharges": 1833000000, "shortLongTermDebt": 788000000, "otherStockholderEquity": -14801000000, "propertyPlantEquipment": 9462000000, "totalCurrentAssets": 23141000000, "longTermInvestments": 19884000000, "netTangibleAssets": -10883000000, "shortTermInvestments": 2643000000, "netReceivables": 4494000000, "longTermDebt": 37671000000, "inventory": 3621000000, "accountsPayable": 13895000000}, "2022-04-01": {"intangibleAssets": 15142000000, "capitalSurplus": 18388000000, "totalLiab": 67223000000, "totalStockholderEquity": 24845000000, "minorityInterest": 1996000000, "otherCurrentLiab": 974000000, "totalAssets": 94064000000, "commonStock": 1760000000, "otherCurrentAssets": 1261000000, "retainedEarnings": 69969000000, "otherLiab": 10942000000, "goodWill": 19598000000, "treasuryStock": -65272000000, "otherAssets": 6654000000, "cash": 7681000000, "totalCurrentLiabilities": 18787000000, "deferredLongTermAssetCharges": 2006000000, "shortLongTermDebt": 1039000000, "otherStockholderEquity": -13340000000, "propertyPlantEquipment": 9784000000, "totalCurrentAssets": 22156000000, "longTermInvestments": 20730000000, "netTangibleAssets": -9895000000, "shortTermInvestments": 2675000000, "netReceivables": 4641000000, "longTermDebt": 37494000000, "inventory": 3741000000, "accountsPayable": 13164000000}, "2021-12-31": {"intangibleAssets": 15250000000, "capitalSurplus": 18116000000, "totalLiab": 69494000000, "totalStockholderEquity": 22999000000, "minorityInterest": 1861000000, "otherCurrentLiab": 1859000000, "totalAssets": 94354000000, "commonStock": 1760000000, "otherCurrentAssets": 1018000000, "retainedEarnings": 69094000000, "otherLiab": 10253000000, "goodWill": 19363000000, "treasuryStock": -65971000000, "otherAssets": 5318000000, "cash": 9684000000, "totalCurrentLiabilities": 19950000000, "deferredLongTermAssetCharges": 2129000000, "shortLongTermDebt": 1338000000, "otherStockholderEquity": -14330000000, "propertyPlantEquipment": 11338000000, "totalCurrentAssets": 22545000000, "longTermInvestments": 20540000000, "netTangibleAssets": -11614000000, "shortTermInvestments": 2941000000, "netReceivables": 3512000000, "longTermDebt": 38130000000, "inventory": 3414000000, "accountsPayable": 4602000000}, "2021-10-01": {"intangibleAssets": 10945000000, "capitalSurplus": 17929000000, "totalLiab": 66473000000, "totalStockholderEquity": 22179000000, "minorityInterest": 1954000000, "otherCurrentLiab": 924000000, "totalAssets": 90606000000, "commonStock": 1760000000, "otherCurrentAssets": 266000000, "retainedEarnings": 68494000000, "otherLiab": 11089000000, "goodWill": 17455000000, "treasuryStock": -66004000000, "otherAssets": 6625000000, "cash": 11301000000, "totalCurrentLiabilities": 15990000000, "deferredLongTermAssetCharges": 2237000000, "shortLongTermDebt": 448000000, "otherStockholderEquity": -14250000000, "propertyPlantEquipment": 10058000000, "totalCurrentAssets": 24240000000, "longTermInvestments": 21283000000, "netTangibleAssets": -6221000000, "shortTermInvestments": 3568000000, "netReceivables": 3889000000, "longTermDebt": 39394000000, "inventory": 3182000000, "accountsPayable": 12752000000}}}, "income": {"annual": {"2021-12-31": {"researchDevelopment": null, "effectOfAccountingCharges": null, "incomeBeforeTax": 12425000000, "minorityInterest": 1861000000, "netIncome": 9771000000, "sellingGeneralAdministrative": 11984000000, "grossProfit": 23298000000, "ebit": 11321000000, "operatingIncome": 11321000000, "otherOperatingExpenses": -7000000, "interestExpense": -1597000000, "extraordinaryItems": null, "nonRecurring": null, "otherItems": null, "incomeTaxExpense": 2621000000, "totalRevenue": 38655000000, "totalOperatingExpenses": 27334000000, "costOfRevenue": 15357000000, "totalOtherIncomeExpenseNet": 1104000000, "discontinuedOperations": null, "netIncomeFromContinuingOps": 9804000000, "netIncomeApplicableToCommonShares": 9771000000}, "2020-12-31": {"researchDevelopment": null, "effectOfAccountingCharges": null, "incomeBeforeTax": 9749000000, "minorityInterest": 1985000000, "netIncome": 7747000000, "sellingGeneralAdministrative": 9579000000, "grossProfit": 19581000000, "ebit": 9990000000, "operatingIncome": 9990000000, "otherOperatingExpenses": 12000000, "interestExpense": -1437000000, "extraordinaryItems": null, "nonRecurring": null, "otherItems": null, "incomeTaxExpense": 1981000000, "totalRevenue": 33014000000, "totalOperatingExpenses": 23024000000, "costOfRevenue": 13433000000, "totalOtherIncomeExpenseNet": -241000000, "discontinuedOperations": null, "netIncomeFromContinuingOps": 7768000000, "netIncomeApplicableToCommonShares": 7747000000}, "2019-12-31": {"researchDevelopment": null, "effectOfAccountingCharges": null, "incomeBeforeTax": 10786000000, "minorityInterest": 2117000000, "netIncome": 8920000000, "sellingGeneralAdministrative": 12011000000, "grossProfit": 22647000000, "ebit": 10625000000, "operatingIncome": 10625000000, "otherOperatingExpenses": 11000000, "interestExpense": -946000000, "extraordinaryItems": null, "nonRecurring": null, "otherItems": null, "incomeTaxExpense": 1801000000, "totalRevenue": 37266000000, "totalOperatingExpenses": 26641000000, "costOfRevenue": 14619000000, "totalOtherIncomeExpenseNet": 161000000, "discontinuedOperations": null, "netIncomeFromContinuingOps": 8985000000, "netIncomeApplicableToCommonShares": 8920000000}, "2018-12-31": {"researchDevelopment": null, "effectOfAccountingCharges": null, "incomeBeforeTax": 8225000000, "minorityInterest": 2077000000, "netIncome": 6434000000, "sellingGeneralAdministrative": 11013000000, "grossProfit": 21233000000, "ebit": 10203000000, "operatingIncome": 10203000000, "otherOperatingExpenses": 17000000, "interestExpense": -950000000, "extraordinaryItems": null, "nonRecurring": null, "otherItems": null, "incomeTaxExpense": 1749000000, "totalRevenue": 34300000000, "totalOperatingExpenses": 24097000000, "costOfRevenue": 13067000000, "totalOtherIncomeExpenseNet": -1978000000, "discontinuedOperations": null, "netIncomeFromContinuingOps": 6476000000, "netIncomeApplicableToCommonShares": 6434000000}}, "quarterly": {"2022-07-01": {"researchDevelopment": null, "effectOfAccountingCharges": null, "incomeBeforeTax": 2284000000, "minorityInterest": 1798000000, "netIncome": 1905000000, "sellingGeneralAdministrative": 3136000000, "grossProfit": 6495000000, "ebit": 3359000000, "operatingIncome": 3359000000, "otherOperatingExpenses": null, "interestExpense": -198000000, "extraordinaryItems": null, "nonRecurring": null, "otherItems": null, "incomeTaxExpense": 384000000, "totalRevenue": 11325000000, "totalOperatingExpenses": 7966000000, "costOfRevenue": 4830000000, "totalOtherIncomeExpenseNet": -1075000000, "discontinuedOperations": null, "netIncomeFromContinuingOps": 1900000000, "netIncomeApplicableToCommonShares": 1905000000}, "2022-04-01": {"researchDevelopment": null, "effectOfAccountingCharges": null, "incomeBeforeTax": 3458000000, "minorityInterest": 1996000000, "netIncome": 2781000000, "sellingGeneralAdministrative": 2897000000, "grossProfit": 6400000000, "ebit": 3503000000, "operatingIncome": 3503000000, "otherOperatingExpenses": null, "interestExpense": -182000000, "extraordinaryItems": null, "nonRecurring": null, "otherItems": null, "incomeTaxExpense": 665000000, "totalRevenue": 10491000000, "totalOperatingExpenses": 6988000000, "costOfRevenue": 4091000000, "totalOtherIncomeExpenseNet": -45000000, "discontinuedOperations": null, "netIncomeFromContinuingOps": 2793000000, "netIncomeApplicableToCommonShares": 2781000000}, "2021-12-31": {"researchDevelopment": null, "effectOfAccountingCharges": null, "incomeBeforeTax": 2960000000, "minorityInterest": 1861000000, "netIncome": 2414000000, "sellingGeneralAdministrative": 3382000000, "grossProfit": 5376000000, "ebit": 2001000000, "operatingIncome": 2001000000, "otherOperatingExpenses": -7000000, "interestExpense": -165000000, "extraordinaryItems": null, "nonRecurring": null, "otherItems": null, "incomeTaxExpense": 510000000, "totalRevenue": 9464000000, "totalOperatingExpenses": 7463000000, "costOfRevenue": 4088000000, "totalOtherIncomeExpenseNet": 959000000, "discontinuedOperations": null, "netIncomeFromContinuingOps": 2450000000, "netIncomeApplicableToCommonShares": 2414000000}, "2021-10-01": {"researchDevelopment": null, "effectOfAccountingCharges": null, "incomeBeforeTax": 3084000000, "minorityInterest": 1954000000, "netIncome": 2471000000, "sellingGeneralAdministrative": 3049000000, "grossProfit": 6065000000, "ebit": 3016000000, "operatingIncome": 3016000000, "otherOperatingExpenses": -7000000, "interestExpense": -210000000, "extraordinaryItems": null, "nonRecurring": null, "otherItems": null, "incomeTaxExpense": 609000000, "totalRevenue": 10042000000, "totalOperatingExpenses": 7026000000, "costOfRevenue": 3977000000, "totalOtherIncomeExpenseNet": 68000000, "discontinuedOperations": null, "netIncomeFromContinuingOps": 2475000000, "netIncomeApplicableToCommonShares": 2471000000}}}, "cash": {"annual": {"2021-12-31": {"investments": 1029000000, "changeToLiabilities": 2843000000, "totalCashflowsFromInvestingActivities": -2765000000, "netBorrowings": 228000000, "totalCashFromFinancingActivities": -6786000000, "changeToOperatingActivities": -592000000, "issuanceOfStock": 702000000, "netIncome": 9771000000, "changeInCash": 2915000000, "repurchaseOfStock": -111000000, "effectOfExchangeRate": -159000000, "totalCashFromOperatingActivities": 12625000000, "depreciation": 1452000000, "otherCashflowsFromInvestingActivities": 51000000, "dividendsPaid": -7252000000, "changeToInventory": -135000000, "changeToAccountReceivables": -225000000, "otherCashflowsFromFinancingActivities": -353000000, "changeToNetincome": 77000000, "capitalExpenditures": -1367000000}, "2020-12-31": {"investments": 252000000, "changeToLiabilities": -860000000, "totalCashflowsFromInvestingActivities": -1477000000, "netBorrowings": -1862000000, "totalCashFromFinancingActivities": -8070000000, "changeToOperatingActivities": 585000000, "issuanceOfStock": 647000000, "netIncome": 7747000000, "changeInCash": 373000000, "repurchaseOfStock": -118000000, "effectOfExchangeRate": 76000000, "totalCashFromOperatingActivities": 9844000000, "depreciation": 1536000000, "otherCashflowsFromInvestingActivities": 122000000, "dividendsPaid": -7047000000, "changeToInventory": 99000000, "changeToAccountReceivables": 882000000, "otherCashflowsFromFinancingActivities": 310000000, "changeToNetincome": -129000000, "capitalExpenditures": -1177000000}, "2019-12-31": {"investments": 2269000000, "changeToLiabilities": 1318000000, "totalCashflowsFromInvestingActivities": -3976000000, "netBorrowings": -1841000000, "totalCashFromFinancingActivities": -9004000000, "changeToOperatingActivities": -707000000, "issuanceOfStock": 1012000000, "netIncome": 8920000000, "changeInCash": -2581000000, "repurchaseOfStock": -1103000000, "effectOfExchangeRate": -72000000, "totalCashFromOperatingActivities": 10471000000, "depreciation": 1365000000, "otherCashflowsFromInvestingActivities": -56000000, "dividendsPaid": -6845000000, "changeToInventory": -183000000, "changeToAccountReceivables": -158000000, "otherCashflowsFromFinancingActivities": -227000000, "changeToNetincome": -180000000, "capitalExpenditures": -2054000000}, "2018-12-31": {"investments": 7188000000, "changeToLiabilities": -251000000, "totalCashflowsFromInvestingActivities": 5927000000, "netBorrowings": -2995000000, "totalCashFromFinancingActivities": -10347000000, "changeToOperatingActivities": -796000000, "issuanceOfStock": 1476000000, "netIncome": 6434000000, "changeInCash": 2945000000, "repurchaseOfStock": -1912000000, "effectOfExchangeRate": -262000000, "totalCashFromOperatingActivities": 7627000000, "depreciation": 1086000000, "otherCashflowsFromInvestingActivities": -60000000, "dividendsPaid": -6644000000, "changeToInventory": -203000000, "changeToAccountReceivables": 27000000, "otherCashflowsFromFinancingActivities": -272000000, "changeToNetincome": 1347000000, "capitalExpenditures": -1548000000}}, "quarterly": {"2022-07-01": {"investments": -133000000, "changeToLiabilities": 0, "totalCashflowsFromInvestingActivities": -1291000000, "netBorrowings": 1433000000, "totalCashFromFinancingActivities": -975000000, "changeToOperatingActivities": 542000000, "issuanceOfStock": 203000000, "netIncome": 1905000000, "changeInCash": 1323000000, "repurchaseOfStock": -664000000, "effectOfExchangeRate": -334000000, "totalCashFromOperatingActivities": 3923000000, "depreciation": 322000000, "otherCashflowsFromInvestingActivities": -781000000, "dividendsPaid": -1904000000, "otherCashflowsFromFinancingActivities": -43000000, "changeToNetincome": 1154000000, "capitalExpenditures": -270000000}, "2022-04-01": {"investments": 488000000, "changeToLiabilities": 0, "totalCashflowsFromInvestingActivities": 146000000, "netBorrowings": 7000000, "totalCashFromFinancingActivities": -2975000000, "changeToOperatingActivities": -2468000000, "issuanceOfStock": 449000000, "netIncome": 2781000000, "changeInCash": -2033000000, "repurchaseOfStock": -546000000, "effectOfExchangeRate": 173000000, "totalCashFromOperatingActivities": 623000000, "depreciation": 324000000, "otherCashflowsFromInvestingActivities": -354000000, "dividendsPaid": -1906000000, "otherCashflowsFromFinancingActivities": -979000000, "changeToNetincome": -14000000, "capitalExpenditures": -217000000}, "2021-12-31": {"investments": -1405000000, "changeToLiabilities": 2843000000, "totalCashflowsFromInvestingActivities": -4684000000, "netBorrowings": 1417000000, "totalCashFromFinancingActivities": -195000000, "changeToOperatingActivities": -760000000, "issuanceOfStock": 209000000, "netIncome": 2414000000, "changeInCash": -1588000000, "repurchaseOfStock": -7000000, "effectOfExchangeRate": -103000000, "totalCashFromOperatingActivities": 3394000000, "depreciation": 341000000, "otherCashflowsFromInvestingActivities": -30000000, "dividendsPaid": -1815000000, "changeToInventory": -135000000, "changeToAccountReceivables": -225000000, "otherCashflowsFromFinancingActivities": 1000000, "changeToNetincome": -518000000, "capitalExpenditures": -639000000}, "2021-10-01": {"investments": 316000000, "changeToLiabilities": 0, "totalCashflowsFromInvestingActivities": 166000000, "netBorrowings": 16000000, "totalCashFromFinancingActivities": -1629000000, "changeToOperatingActivities": 606000000, "issuanceOfStock": 151000000, "netIncome": 2471000000, "changeInCash": 2105000000, "repurchaseOfStock": -7000000, "effectOfExchangeRate": -138000000, "totalCashFromOperatingActivities": 3706000000, "depreciation": 362000000, "otherCashflowsFromInvestingActivities": 40000000, "dividendsPaid": -1814000000, "changeToInventory": -135000000, "changeToAccountReceivables": -225000000, "otherCashflowsFromFinancingActivities": 18000000, "changeToNetincome": 267000000, "capitalExpenditures": -278000000}}}}, "PEP": {"balance": {"annual": {"2021-12-25": {"intangibleAssets": 18665000000, "capitalSurplus": 4001000000, "totalLiab": 76226000000, "totalStockholderEquity": 16043000000, "minorityInterest": 108000000, "deferredLongTermLiab": 119000000, "otherCurrentLiab": 6221000000, "totalAssets": 92377000000, "commonStock": 23000000, "otherCurrentAssets": 1841000000, "retainedEarnings": 65165000000, "otherLiab": 12382000000, "goodWill": 18381000000, "treasuryStock": -53146000000, "otherAssets": 6494000000, "cash": 5596000000, "totalCurrentLiabilities": 26220000000, "deferredLongTermAssetCharges": 4310000000, "shortLongTermDebt": 3872000000, "otherStockholderEquity": -14898000000, "propertyPlantEquipment": 24427000000, "totalCurrentAssets": 21783000000, "longTermInvestments": 2627000000, "netTangibleAssets": -21003000000, "shortTermInvestments": 392000000, "netReceivables": 8680000000, "longTermDebt": 36026000000, "inventory": 4347000000, "accountsPayable": 9834000000}, "2020-12-26": {"intangibleAssets": 19315000000, "capitalSurplus": 3910000000, "totalLiab": 79366000000, "totalStockholderEquity": 13454000000, "minorityInterest": 98000000, "deferredLongTermLiab": 130000000, "otherCurrentLiab": 5285000000, "totalAssets": 92918000000, "commonStock": 23000000, "otherCurrentAssets": 48000000, "retainedEarnings": 63443000000, "otherLiab": 14391000000, "goodWill": 18757000000, "treasuryStock": -53922000000, "otherAssets": 6014000000, "cash": 8185000000, "totalCurrentLiabilities": 23372000000, "deferredLongTermAssetCharges": 4372000000, "shortLongTermDebt": 3358000000, "otherStockholderEquity": -15476000000, "propertyPlantEquipment": 23039000000, "totalCurrentAssets": 23001000000, "longTermInvestments": 2792000000, "netTangibleAssets": -24618000000, "shortTermInvestments": 1366000000, "netReceivables": 8404000000, "longTermDebt": 40370000000, "inventory": 4172000000, "accountsPayable": 8853000000}, "2019-12-28": {"intangibleAssets": 16043000000, "capitalSurplus": 3886000000, "totalLiab": 63679000000, "totalStockholderEquity": 14786000000, "minorityInterest": 82000000, "deferredLongTermLiab": 147000000, "otherCurrentLiab": 4486000000, "totalAssets": 78547000000, "commonStock": 23000000, "otherCurrentAssets": 55000000, "retainedEarnings": 61946000000, "otherLiab": 12952000000, "goodWill": 15501000000, "treasuryStock": -51069000000, "otherAssets": 5822000000, "cash": 5509000000, "totalCurrentLiabilities": 20461000000, "deferredLongTermAssetCharges": 4359000000, "shortLongTermDebt": 2848000000, "otherStockholderEquity": -14300000000, "propertyPlantEquipment": 20853000000, "totalCurrentAssets": 17645000000, "longTermInvestments": 2683000000, "netTangibleAssets": -16758000000, "shortTermInvestments": 229000000, "netReceivables": 7822000000, "longTermDebt": 29148000000, "inventory": 3338000000, "accountsPayable": 8013000000}, "2018-12-29": {"intangibleAssets": 15825000000, "capitalSurplus": 3953000000, "totalLiab": 63046000000, "totalStockholderEquity": 14518000000, "minorityInterest": 84000000, "deferredLongTermLiab": 112000000, "otherCurrentLiab": 6603000000, "totalAssets": 77648000000, "commonStock": 23000000, "otherCurrentAssets": 2044000000, "retainedEarnings": 59947000000, "otherLiab": 12613000000, "goodWill": 14808000000, "treasuryStock": -49405000000, "otherAssets": 5124000000, "cash": 8721000000, "totalCurrentLiabilities": 22138000000, "deferredLongTermAssetCharges": 4364000000, "shortLongTermDebt": 3953000000, "otherStockholderEquity": -15119000000, "propertyPlantEquipment": 17589000000, "totalCurrentAssets": 21893000000, "longTermInvestments": 2409000000, "netTangibleAssets": -16115000000, "shortTermInvestments": 272000000, "netReceivables": 7142000000, "longTermDebt": 28295000000, "inventory": 3128000000, "accountsPayable": 7213000000}}, "quarterly": {"2022-06-11": {"intangibleAssets": 17091000000, "capitalSurplus": 3970000000, "totalLiab": 74429000000, "totalStockholderEquity": 18553000000, "minorityInterest": 121000000, "totalAssets": 93103000000, "commonStock": 23000000, "retainedEarnings": 67763000000, "otherLiab": 13959000000, "goodWill": 18547000000, "treasuryStock": -53203000000, "otherAssets": 8619000000, "cash": 5405000000, "totalCurrentLiabilities": 27223000000, "deferredLongTermAssetCharges": 4345000000, "otherStockholderEquity": -14416000000, "propertyPlantEquipment": 22694000000, "totalCurrentAssets": 22633000000, "longTermInvestments": 3519000000, "netTangibleAssets": -17085000000, "shortTermInvestments": 287000000, "netReceivables": 10498000000, "longTermDebt": 33247000000, "inventory": 5287000000, "accountsPayable": 21191000000}, "2022-03-19": {"intangibleAssets": 18100000000, "capitalSurplus": 3893000000, "totalLiab": 74642000000, "totalStockholderEquity": 18202000000, "minorityInterest": 118000000, "totalAssets": 92962000000, "commonStock": 23000000, "retainedEarnings": 67934000000, "otherLiab": 14228000000, "goodWill": 18112000000, "treasuryStock": -53648000000, "otherAssets": 8796000000, "cash": 6561000000, "totalCurrentLiabilities": 25824000000, "deferredLongTermAssetCharges": 4301000000, "otherStockholderEquity": -15343000000, "propertyPlantEquipment": 22017000000, "totalCurrentAssets": 22342000000, "longTermInvestments": 3595000000, "netTangibleAssets": -18010000000, "shortTermInvestments": 343000000, "netReceivables": 9424000000, "longTermDebt": 34590000000, "inventory": 4762000000, "accountsPayable": 20365000000}, "2021-12-25": {"intangibleAssets": 18665000000, "capitalSurplus": 4001000000, "totalLiab": 76226000000, "totalStockholderEquity": 16043000000, "minorityInterest": 108000000, "deferredLongTermLiab": 119000000, "otherCurrentLiab": 6221000000, "totalAssets": 92377000000, "commonStock": 23000000, "otherCurrentAssets": 1841000000, "retainedEarnings": 65165000000, "otherLiab": 12382000000, "goodWill": 18381000000, "treasuryStock": -53146000000, "otherAssets": 6494000000, "cash": 5596000000, "totalCurrentLiabilities": 26220000000, "deferredLongTermAssetCharges": 4310000000, "shortLongTermDebt": 3872000000, "otherStockholderEquity": -14898000000, "propertyPlantEquipment": 24427000000, "totalCurrentAssets": 21783000000, "longTermInvestments": 2627000000, "netTangibleAssets": -21003000000, "shortTermInvestments": 392000000, "netReceivables": 8680000000, "longTermDebt": 36026000000, "inventory": 4347000000, "accountsPayable": 9834000000}, "2021-09-04": {"intangibleAssets": 18875000000, "capitalSurplus": 3924000000, "totalLiab": 77264000000, "totalStockholderEquity": 15872000000, "minorityInterest": 118000000, "otherCurrentLiab": 783000000, "totalAssets": 93254000000, "commonStock": 23000000, "otherCurrentAssets": 1893000000, "retainedEarnings": 65336000000, "otherLiab": 15164000000, "goodWill": 18531000000, "treasuryStock": -53411000000, "otherAssets": 8090000000, "cash": 6506000000, "totalCurrentLiabilities": 25077000000, "deferredLongTermAssetCharges": 4357000000, "otherStockholderEquity": -15125000000, "propertyPlantEquipment": 21257000000, "totalCurrentAssets": 23710000000, "longTermInvestments": 2791000000, "netTangibleAssets": -21534000000, "shortTermInvestments": 344000000, "netReceivables": 9545000000, "longTermDebt": 37023000000, "inventory": 4364000000, "accountsPayable": 20060000000}}}, "income": {"annual": {"2021-12-25": {"researchDevelopment": 752000000, "effectOfAccountingCharges": null, "incomeBeforeTax": 9821000000, "minorityInterest": 108000000, "netIncome": 7618000000, "sellingGeneralAdministrative": 29875000000, "grossProfit": 42429000000, "ebit": 11798000000, "operatingIncome": 11798000000, "otherOperatingExpenses": 4000000, "interestExpense": -1799000000, "extraordinaryItems": null, "nonRecurring": null, "otherItems": null, "incomeTaxExpense": 2142000000, "totalRevenue": 79474000000, "totalOperatingExpenses": 67676000000, "costOfRevenue": 37045000000, "totalOtherIncomeExpenseNet": -1977000000, "discontinuedOperations": null, "netIncomeFromContinuingOps": 7679000000, "netIncomeApplicableToCommonShares": 7618000000}, "2020-12-26": {"researchDevelopment": 719000000, "effectOfAccountingCharges": null, "incomeBeforeTax": 9069000000, "minorityInterest": 98000000, "netIncome": 7120000000, "sellingGeneralAdministrative": 26988000000, "grossProfit": 38637000000, "ebit": 10936000000, "operatingIncome": 10936000000, "otherOperatingExpenses": -6000000, "interestExpense": -1257000000, "extraordinaryItems": null, "nonRecurring": null, "otherItems": null, "incomeTaxExpense": 1894000000, "totalRevenue": 70372000000, "totalOperatingExpenses": 59436000000, "costOfRevenue": 31735000000, "totalOtherIncomeExpenseNet": -1867000000, "discontinuedOperations": null, "netIncomeFromContinuingOps": 7175000000, "netIncomeApplicableToCommonShares": 7120000000}, "2019-12-28": {"researchDevelopment": 711000000, "effectOfAccountingCharges": null, "incomeBeforeTax": 9312000000, "minorityInterest": 82000000, "netIncome": 7314000000, "sellingGeneralAdministrative": 25749000000, "grossProfit": 37178000000, "ebit": 10719000000, "operatingIncome": 10719000000, "otherOperatingExpenses": -1000000, "interestExpense": -928000000, "extraordinaryItems": null, "nonRecurring": null, "otherItems": null, "incomeTaxExpense": 1959000000, "totalRevenue": 67161000000, "totalOperatingExpenses": 56442000000, "costOfRevenue": 29983000000, "totalOtherIncomeExpenseNet": -1407000000, "discontinuedOperations": null, "netIncomeFromContinuingOps": 7353000000, "netIncomeApplicableToCommonShares": 7314000000}, "2018-12-29": {"researchDevelopment": 680000000, "effectOfAccountingCharges": null, "incomeBeforeTax": 9189000000, "minorityInterest": 84000000, "netIncome": 12515000000, "sellingGeneralAdministrative": 24227000000, "grossProfit": 35280000000, "ebit": 10376000000, "operatingIncome": 10376000000, "otherOperatingExpenses": -3000000, "interestExpense": -1219000000, "extraordinaryItems": null, "nonRecurring": null, "otherItems": null, "incomeTaxExpense": -3370000000, "totalRevenue": 64661000000, "totalOperatingExpenses": 54285000000, "costOfRevenue": 29381000000, "totalOtherIncomeExpenseNet": -1187000000, "discontinuedOperations": null, "netIncomeFromContinuingOps": 12559000000, "netIncomeApplicableToCommonShares": 12513000000}}, "quarterly": {"2022-06-11": {"researchDevelopment": null, "effectOfAccountingCharges": null, "incomeBeforeTax": 1839000000, "minorityInterest": 121000000, "netIncome": 1429000000, "sellingGeneralAdministrative": 7199000000, "grossProfit": 10811000000, "ebit": 3616000000, "operatingIncome": 3616000000, "otherOperatingExpenses": -4000000, "interestExpense": -297000000, "extraordinaryItems": null, "nonRecurring": null, "otherItems": null, "incomeTaxExpense": 393000000, "totalRevenue": 20225000000, "totalOperatingExpenses": 16609000000, "costOfRevenue": 9414000000, "totalOtherIncomeExpenseNet": -1777000000, "discontinuedOperations": null, "netIncomeFromContinuingOps": 1446000000, "netIncomeApplicableToCommonShares": 1429000000}, "2022-03-19": {"researchDevelopment": null, "effectOfAccountingCharges": null, "incomeBeforeTax": 5161000000, "minorityInterest": 118000000, "netIncome": 4261000000, "sellingGeneralAdministrative": 6250000000, "grossProfit": 8912000000, "ebit": 2664000000, "operatingIncome": 2664000000, "otherOperatingExpenses": -2000000, "interestExpense": -260000000, "extraordinaryItems": null, "nonRecurring": null, "otherItems": null, "incomeTaxExpense": 888000000, "totalRevenue": 16200000000, "totalOperatingExpenses": 13536000000, "costOfRevenue": 7288000000, "totalOtherIncomeExpenseNet": 2497000000, "discontinuedOperations": null, "netIncomeFromContinuingOps": 4273000000, "netIncomeApplicableToCommonShares": 4261000000}, "2021-12-25": {"researchDevelopment": 752000000, "effectOfAccountingCharges": null, "incomeBeforeTax": 1588000000, "minorityInterest": 108000000, "netIncome": 1322000000, "sellingGeneralAdministrative": 9571000000, "grossProfit": 13134000000, "ebit": 2807000000, "operatingIncome": 2807000000, "otherOperatingExpenses": 4000000, "interestExpense": -1068000000, "extraordinaryItems": null, "nonRecurring": null, "otherItems": null, "incomeTaxExpense": 247000000, "totalRevenue": 25248000000, "totalOperatingExpenses": 22441000000, "costOfRevenue": 12114000000, "totalOtherIncomeExpenseNet": -1219000000, "discontinuedOperations": null, "netIncomeFromContinuingOps": 1341000000, "netIncomeApplicableToCommonShares": 1322000000}, "2021-09-04": {"researchDevelopment": 752000000, "effectOfAccountingCharges": null, "incomeBeforeTax": 3045000000, "minorityInterest": 118000000, "netIncome": 2224000000, "sellingGeneralAdministrative": 7464000000, "grossProfit": 10804000000, "ebit": 3340000000, "operatingIncome": 3340000000, "otherOperatingExpenses": 4000000, "interestExpense": -232000000, "extraordinaryItems": null, "nonRecurring": null, "otherItems": null, "incomeTaxExpense": 802000000, "totalRevenue": 20189000000, "totalOperatingExpenses": 16849000000, "costOfRevenue": 9385000000, "totalOtherIncomeExpenseNet": -295000000, "discontinuedOperations": null, "netIncomeFromContinuingOps": 2243000000, "netIncomeApplicableToCommonShares": 2224000000}}}, "cash": {"annual": {"2021-12-25": {"investments": 1077000000, "changeToLiabilities": 1762000000, "totalCashflowsFromInvestingActivities": -3269000000, "netBorrowings": 712000000, "totalCashFromFinancingActivities": -10780000000, "changeToOperatingActivities": 159000000, "issuanceOfStock": 185000000, "netIncome": 7618000000, "changeInCash": -2547000000, "repurchaseOfStock": -198000000, "effectOfExchangeRate": -114000000, "totalCashFromOperatingActivities": 11616000000, "depreciation": 3080000000, "otherCashflowsFromInvestingActivities": 5000000, "dividendsPaid": -5815000000, "changeToInventory": -582000000, "changeToAccountReceivables": -651000000, "otherCashflowsFromFinancingActivities": -5664000000, "changeToNetincome": 65000000, "capitalExpenditures": -4625000000}, "2020-12-26": {"investments": -1108000000, "changeToLiabilities": 766000000, "totalCashflowsFromInvestingActivities": -11619000000, "netBorrowings": 12393000000, "totalCashFromFinancingActivities": 3819000000, "changeToOperatingActivities": 26000000, "issuanceOfStock": 179000000, "netIncome": 7120000000, "changeInCash": 2684000000, "repurchaseOfStock": -2096000000, "effectOfExchangeRate": -129000000, "totalCashFromOperatingActivities": 10613000000, "depreciation": 2874000000, "otherCashflowsFromInvestingActivities": 40000000, "dividendsPaid": -5509000000, "changeToInventory": -516000000, "changeToAccountReceivables": -420000000, "otherCashflowsFromFinancingActivities": -1148000000, "changeToNetincome": 770000000, "capitalExpenditures": -4240000000}, "2019-12-28": {"investments": 97000000, "changeToLiabilities": 735000000, "totalCashflowsFromInvestingActivities": -6437000000, "netBorrowings": 652000000, "totalCashFromFinancingActivities": -8489000000, "changeToOperatingActivities": -87000000, "issuanceOfStock": 329000000, "netIncome": 7314000000, "changeInCash": -5199000000, "repurchaseOfStock": -3114000000, "effectOfExchangeRate": 78000000, "totalCashFromOperatingActivities": 9649000000, "depreciation": 2678000000, "otherCashflowsFromInvestingActivities": -8000000, "dividendsPaid": -5304000000, "changeToInventory": -190000000, "changeToAccountReceivables": -650000000, "otherCashflowsFromFinancingActivities": -1052000000, "changeToNetincome": -30000000, "capitalExpenditures": -4232000000}, "2018-12-29": {"investments": 8701000000, "changeToLiabilities": 882000000, "totalCashflowsFromInvestingActivities": 4564000000, "netBorrowings": -6962000000, "totalCashFromFinancingActivities": -13769000000, "changeToOperatingActivities": 9000000, "issuanceOfStock": 281000000, "netIncome": 12515000000, "changeInCash": 112000000, "repurchaseOfStock": -2103000000, "effectOfExchangeRate": -98000000, "totalCashFromOperatingActivities": 9415000000, "depreciation": 2195000000, "otherCashflowsFromInvestingActivities": 2000000, "dividendsPaid": -4930000000, "changeToInventory": -174000000, "changeToAccountReceivables": -253000000, "otherCashflowsFromFinancingActivities": -55000000, "changeToNetincome": -6411000000, "capitalExpenditures": -3282000000}}, "quarterly": {"2022-06-11": {"investments": -14000000, "changeToLiabilities": 248000000, "totalCashflowsFromInvestingActivities": -783000000, "netBorrowings": -378000000, "totalCashFromFinancingActivities": -2352000000, "changeToOperatingActivities": 4000000, "issuanceOfStock": 40000000, "netIncome": 1429000000, "changeInCash": -1146000000, "repurchaseOfStock": -508000000, "effectOfExchangeRate": -66000000, "totalCashFromOperatingActivities": 2055000000, "depreciation": 760000000, "otherCashflowsFromInvestingActivities": -5000000, "dividendsPaid": -1492000000, "changeToInventory": -441000000, "changeToAccountReceivables": -916000000, "otherCashflowsFromFinancingActivities": -14000000, "changeToNetincome": 852000000, "capitalExpenditures": -977000000}, "2022-03-19": {"investments": 3478000000, "changeToLiabilities": -1238000000, "totalCashflowsFromInvestingActivities": 2955000000, "netBorrowings": -45000000, "totalCashFromFinancingActivities": -1780000000, "changeToOperatingActivities": -190000000, "issuanceOfStock": 49000000, "netIncome": 4261000000, "changeInCash": 984000000, "repurchaseOfStock": -278000000, "effectOfExchangeRate": -17000000, "totalCashFromOperatingActivities": -174000000, "depreciation": 658000000, "otherCashflowsFromInvestingActivities": 4000000, "dividendsPaid": -1505000000, "changeToInventory": -549000000, "changeToAccountReceivables": -837000000, "otherCashflowsFromFinancingActivities": -1000000, "changeToNetincome": -2768000000, "capitalExpenditures": -522000000}, "2021-12-25": {"investments": 7000000, "changeToLiabilities": 1663000000, "totalCashflowsFromInvestingActivities": -2239000000, "netBorrowings": 3544000000, "totalCashFromFinancingActivities": -3559000000, "changeToOperatingActivities": 205000000, "issuanceOfStock": 39000000, "netIncome": 1322000000, "changeInCash": -900000000, "repurchaseOfStock": -10000000, "effectOfExchangeRate": -84000000, "totalCashFromOperatingActivities": 4982000000, "depreciation": 1217000000, "otherCashflowsFromInvestingActivities": -1000000, "dividendsPaid": -1487000000, "changeToInventory": -3000000, "changeToAccountReceivables": 765000000, "otherCashflowsFromFinancingActivities": -5645000000, "changeToNetincome": 293000000, "capitalExpenditures": -2349000000}, "2021-09-04": {"investments": 2000000, "changeToLiabilities": 1213000000, "totalCashflowsFromInvestingActivities": -914000000, "netBorrowings": -828000000, "totalCashFromFinancingActivities": -2277000000, "changeToOperatingActivities": -6000000, "issuanceOfStock": 46000000, "netIncome": 2224000000, "changeInCash": 1061000000, "repurchaseOfStock": -9000000, "effectOfExchangeRate": -42000000, "totalCashFromOperatingActivities": 4294000000, "depreciation": 650000000, "otherCashflowsFromInvestingActivities": 5000000, "dividendsPaid": -1486000000, "changeToInventory": 231000000, "changeToAccountReceivables": -202000000, "otherCashflowsFromFinancingActivities": -5645000000, "changeToNetincome": 55000000, "capitalExpenditures": -971000000}}}}, "MDLZ": {"balance": {"annual": {"2021-12-31": {"intangibleAssets": 18291000000, "capitalSurplus": 32097000000, "totalLiab": 38769000000, "totalStockholderEquity": 28269000000, "minorityInterest": 54000000, "otherCurrentLiab": 2159000000, "totalAssets": 67092000000, "otherCurrentAssets": 873000000, "retainedEarnings": 30806000000, "otherLiab": 6752000000, "goodWill": 21978000000, "treasuryStock": -34634000000, "otherAssets": 1921000000, "cash": 3546000000, "totalCurrentLiabilities": 14008000000, "deferredLongTermAssetCharges": 541000000, "shortLongTermDebt": 1681000000, "otherStockholderEquity": -10624000000, "propertyPlantEquipment": 9271000000, "totalCurrentAssets": 10342000000, "longTermInvestments": 5289000000, "netTangibleAssets": -12000000000, "netReceivables": 3188000000, "longTermDebt": 17393000000, "inventory": 2708000000, "accountsPayable": 6730000000}, "2020-12-31": {"intangibleAssets": 18482000000, "capitalSurplus": 32070000000, "totalLiab": 40156000000, "totalStockholderEquity": 27578000000, "minorityInterest": 76000000, "otherCurrentLiab": 2641000000, "totalAssets": 67810000000, "otherCurrentAssets": 747000000, "retainedEarnings": 28402000000, "otherLiab": 7251000000, "goodWill": 21895000000, "treasuryStock": -32894000000, "otherAssets": 1754000000, "cash": 3619000000, "totalCurrentLiabilities": 15159000000, "deferredLongTermAssetCharges": 790000000, "shortLongTermDebt": 3007000000, "otherStockholderEquity": -10690000000, "propertyPlantEquipment": 9664000000, "totalCurrentAssets": 9979000000, "longTermInvestments": 6036000000, "netTangibleAssets": -12799000000, "netReceivables": 2954000000, "longTermDebt": 17094000000, "inventory": 2647000000, "accountsPayable": 6209000000}, "2019-12-31": {"intangibleAssets": 17957000000, "capitalSurplus": 32019000000, "totalLiab": 37198000000, "totalStockholderEquity": 27241000000, "minorityInterest": 76000000, "otherCurrentLiab": 2226000000, "totalAssets": 64515000000, "otherCurrentAssets": 847000000, "retainedEarnings": 26615000000, "otherLiab": 7266000000, "goodWill": 20848000000, "treasuryStock": -31393000000, "otherAssets": 1601000000, "cash": 1291000000, "totalCurrentLiabilities": 15322000000, "deferredLongTermAssetCharges": 726000000, "shortLongTermDebt": 1739000000, "otherStockholderEquity": -10254000000, "propertyPlantEquipment": 9301000000, "totalCurrentAssets": 7630000000, "longTermInvestments": 7178000000, "netTangibleAssets": -11564000000, "netReceivables": 2927000000, "longTermDebt": 14116000000, "inventory": 2546000000, "accountsPayable": 5853000000}, "2018-12-31": {"intangibleAssets": 18002000000, "capitalSurplus": 31961000000, "totalLiab": 37016000000, "totalStockholderEquity": 25637000000, "minorityInterest": 76000000, "otherCurrentLiab": 2251000000, "totalAssets": 62729000000, "otherCurrentAssets": 889000000, "retainedEarnings": 24491000000, "otherLiab": 7747000000, "goodWill": 20725000000, "treasuryStock": -30815000000, "otherAssets": 793000000, "cash": 1100000000, "totalCurrentLiabilities": 16737000000, "deferredLongTermAssetCharges": 255000000, "shortLongTermDebt": 3003000000, "otherStockholderEquity": -10630000000, "propertyPlantEquipment": 8482000000, "totalCurrentAssets": 7604000000, "longTermInvestments": 7123000000, "netTangibleAssets": -13090000000, "netReceivables": 3006000000, "longTermDebt": 12532000000, "inventory": 2592000000, "accountsPayable": 5794000000}}, "quarterly": {"2022-06-30": {"intangibleAssets": 18339000000, "capitalSurplus": 32086000000, "totalLiab": 38461000000, "totalStockholderEquity": 27511000000, "minorityInterest": 42000000, "otherCurrentLiab": 2545000000, "totalAssets": 66014000000, "otherCurrentAssets": 940000000, "retainedEarnings": 31431000000, "otherLiab": 6533000000, "goodWill": 22103000000, "treasuryStock": -36006000000, "otherAssets": 2328000000, "cash": 1924000000, "totalCurrentLiabilities": 13578000000, "deferredLongTermAssetCharges": 551000000, "shortLongTermDebt": 746000000, "otherStockholderEquity": -10638000000, "propertyPlantEquipment": 9379000000, "totalCurrentAssets": 9210000000, "longTermInvestments": 4655000000, "netTangibleAssets": -12931000000, "netReceivables": 3182000000, "longTermDebt": 17861000000, "inventory": 3038000000, "accountsPayable": 6787000000}, "2022-03-31": {"intangibleAssets": 18829000000, "capitalSurplus": 32053000000, "totalLiab": 39778000000, "totalStockholderEquity": 28161000000, "minorityInterest": 55000000, "otherCurrentLiab": 2494000000, "totalAssets": 67994000000, "otherCurrentAssets": 1116000000, "retainedEarnings": 31163000000, "otherLiab": 6823000000, "goodWill": 22618000000, "treasuryStock": -35055000000, "otherAssets": 2005000000, "cash": 1946000000, "totalCurrentLiabilities": 14103000000, "deferredLongTermAssetCharges": 561000000, "shortLongTermDebt": 754000000, "otherStockholderEquity": -10425000000, "propertyPlantEquipment": 9668000000, "totalCurrentAssets": 9619000000, "longTermInvestments": 5255000000, "netTangibleAssets": -13286000000, "netReceivables": 3692000000, "longTermDebt": 18344000000, "inventory": 2838000000, "accountsPayable": 7241000000}, "2021-12-31": {"intangibleAssets": 18291000000, "capitalSurplus": 32097000000, "totalLiab": 38769000000, "totalStockholderEquity": 28269000000, "minorityInterest": 54000000, "otherCurrentLiab": 2159000000, "totalAssets": 67092000000, "otherCurrentAssets": 873000000, "retainedEarnings": 30806000000, "otherLiab": 6752000000, "goodWill": 21978000000, "treasuryStock": -34634000000, "otherAssets": 1921000000, "cash": 3546000000, "totalCurrentLiabilities": 14008000000, "deferredLongTermAssetCharges": 541000000, "shortLongTermDebt": 1681000000, "otherStockholderEquity": -10624000000, "propertyPlantEquipment": 9271000000, "totalCurrentAssets": 10342000000, "longTermInvestments": 5289000000, "netTangibleAssets": -12000000000, "netReceivables": 3188000000, "longTermDebt": 17393000000, "inventory": 2708000000, "accountsPayable": 6730000000}, "2021-09-30": {"intangibleAssets": 18413000000, "capitalSurplus": 32066000000, "totalLiab": 39563000000, "totalStockholderEquity": 27698000000, "minorityInterest": 56000000, "otherCurrentLiab": 2637000000, "totalAssets": 67317000000, "otherCurrentAssets": 803000000, "retainedEarnings": 30305000000, "otherLiab": 7136000000, "goodWill": 22029000000, "treasuryStock": -34673000000, "otherAssets": 1847000000, "cash": 3401000000, "totalCurrentLiabilities": 14259000000, "deferredLongTermAssetCharges": 633000000, "shortLongTermDebt": 2090000000, "otherStockholderEquity": -10904000000, "propertyPlantEquipment": 9304000000, "totalCurrentAssets": 10455000000, "longTermInvestments": 5269000000, "netTangibleAssets": -12744000000, "netReceivables": 3329000000, "longTermDebt": 17692000000, "inventory": 2922000000, "accountsPayable": 6484000000}}}, "income": {"annual": {"2021-12-31": {"researchDevelopment": null, "effectOfAccountingCharges": null, "incomeBeforeTax": 5504000000, "minorityInterest": 54000000, "netIncome": 4300000000, "sellingGeneralAdministrative": 6126000000, "grossProfit": 11254000000, "ebit": 4994000000, "operatingIncome": 4994000000, "otherOperatingExpenses": null, "interestExpense": -354000000, "extraordinaryItems": null, "nonRecurring": null, "otherItems": null, "incomeTaxExpense": 1190000000, "totalRevenue": 28720000000, "totalOperatingExpenses": 23726000000, "costOfRevenue": 17466000000, "totalOtherIncomeExpenseNet": 510000000, "discontinuedOperations": null, "netIncomeFromContinuingOps": 4314000000, "netIncomeApplicableToCommonShares": 4300000000}, "2020-12-31": {"researchDevelopment": null, "effectOfAccountingCharges": null, "incomeBeforeTax": 4793000000, "minorityInterest": 76000000, "netIncome": 3555000000, "sellingGeneralAdministrative": 5952000000, "grossProfit": 10446000000, "ebit": 4300000000, "operatingIncome": 4300000000, "otherOperatingExpenses": null, "interestExpense": -515000000, "extraordinaryItems": null, "nonRecurring": null, "otherItems": null, "incomeTaxExpense": 1224000000, "totalRevenue": 26581000000, "totalOperatingExpenses": 22281000000, "costOfRevenue": 16135000000, "totalOtherIncomeExpenseNet": 493000000, "discontinuedOperations": null, "netIncomeFromContinuingOps": 3569000000, "netIncomeApplicableToCommonShares": 3555000000}, "2019-12-31": {"researchDevelopment": null, "effectOfAccountingCharges": null, "incomeBeforeTax": 3946000000, "minorityInterest": 76000000, "netIncome": 3929000000, "sellingGeneralAdministrative": 5991000000, "grossProfit": 10337000000, "ebit": 4087000000, "operatingIncome": 4087000000, "otherOperatingExpenses": 85000000, "interestExpense": -583000000, "extraordinaryItems": null, "nonRecurring": null, "otherItems": null, "incomeTaxExpense": 2000000, "totalRevenue": 25868000000, "totalOperatingExpenses": 21781000000, "costOfRevenue": 15531000000, "totalOtherIncomeExpenseNet": -141000000, "discontinuedOperations": null, "netIncomeFromContinuingOps": 3944000000, "netIncomeApplicableToCommonShares": 3929000000}, "2018-12-31": {"researchDevelopment": null, "effectOfAccountingCharges": null, "incomeBeforeTax": 4104000000, "minorityInterest": 76000000, "netIncome": 3317000000, "sellingGeneralAdministrative": 6411000000, "grossProfit": 10352000000, "ebit": 3765000000, "operatingIncome": 3765000000, "otherOperatingExpenses": 85000000, "interestExpense": -446000000, "extraordinaryItems": null, "nonRecurring": null, "otherItems": null, "incomeTaxExpense": 773000000, "totalRevenue": 25938000000, "totalOperatingExpenses": 22173000000, "costOfRevenue": 15586000000, "totalOtherIncomeExpenseNet": 339000000, "discontinuedOperations": null, "netIncomeFromContinuingOps": 3331000000, "netIncomeApplicableToCommonShares": 3317000000}}, "quarterly": {"2022-06-30": {"researchDevelopment": null, "effectOfAccountingCharges": null, "incomeBeforeTax": 949000000, "minorityInterest": 42000000, "netIncome": 747000000, "sellingGeneralAdministrative": 1607000000, "grossProfit": 2641000000, "ebit": 1002000000, "operatingIncome": 1002000000, "otherOperatingExpenses": null, "interestExpense": -87000000, "extraordinaryItems": null, "nonRecurring": null, "otherItems": null, "incomeTaxExpense": 201000000, "totalRevenue": 7274000000, "totalOperatingExpenses": 6272000000, "costOfRevenue": 4633000000, "totalOtherIncomeExpenseNet": -53000000, "discontinuedOperations": null, "netIncomeFromContinuingOps": 748000000, "netIncomeApplicableToCommonShares": 747000000}, "2022-03-31": {"researchDevelopment": null, "effectOfAccountingCharges": null, "incomeBeforeTax": 1071000000, "minorityInterest": 55000000, "netIncome": 855000000, "sellingGeneralAdministrative": 1583000000, "grossProfit": 3027000000, "ebit": 1412000000, "operatingIncome": 1412000000, "otherOperatingExpenses": null, "interestExpense": -88000000, "extraordinaryItems": null, "nonRecurring": null, "otherItems": null, "incomeTaxExpense": 210000000, "totalRevenue": 7764000000, "totalOperatingExpenses": 6352000000, "costOfRevenue": 4737000000, "totalOtherIncomeExpenseNet": -341000000, "discontinuedOperations": null, "netIncomeFromContinuingOps": 861000000, "netIncomeApplicableToCommonShares": 855000000}, "2021-12-31": {"researchDevelopment": null, "effectOfAccountingCharges": null, "incomeBeforeTax": 1243000000, "minorityInterest": 54000000, "netIncome": 1003000000, "sellingGeneralAdministrative": 1630000000, "grossProfit": 2833000000, "ebit": 1171000000, "operatingIncome": 1171000000, "otherOperatingExpenses": null, "interestExpense": -87000000, "extraordinaryItems": null, "nonRecurring": null, "otherItems": null, "incomeTaxExpense": 238000000, "totalRevenue": 7658000000, "totalOperatingExpenses": 6487000000, "costOfRevenue": 4825000000, "totalOtherIncomeExpenseNet": 72000000, "discontinuedOperations": null, "netIncomeFromContinuingOps": 1005000000, "netIncomeApplicableToCommonShares": 1003000000}, "2021-09-30": {"researchDevelopment": null, "effectOfAccountingCharges": null, "incomeBeforeTax": 1604000000, "minorityInterest": 56000000, "netIncome": 1258000000, "sellingGeneralAdministrative": 1458000000, "grossProfit": 2824000000, "ebit": 1334000000, "operatingIncome": 1334000000, "otherOperatingExpenses": null, "interestExpense": -85000000, "extraordinaryItems": null, "nonRecurring": null, "otherItems": null, "incomeTaxExpense": 342000000, "totalRevenue": 7182000000, "totalOperatingExpenses": 5848000000, "costOfRevenue": 4358000000, "totalOtherIncomeExpenseNet": 270000000, "discontinuedOperations": null, "netIncomeFromContinuingOps": 1262000000, "netIncomeApplicableToCommonShares": 1258000000}}}, "cash": {"annual": {"2021-12-31": {"investments": 1497000000, "changeToLiabilities": 702000000, "totalCashflowsFromInvestingActivities": -26000000, "netBorrowings": -132000000, "totalCashFromFinancingActivities": -4069000000, "changeToOperatingActivities": -984000000, "netIncome": 4300000000, "changeInCash": -97000000, "repurchaseOfStock": -2110000000, "effectOfExchangeRate": -143000000, "totalCashFromOperatingActivities": 4141000000, "depreciation": 1113000000, "dividendsPaid": -1826000000, "changeToInventory": -170000000, "changeToAccountReceivables": -197000000, "otherCashflowsFromFinancingActivities": -1000000, "changeToNetincome": -623000000, "capitalExpenditures": -965000000}, "2020-12-31": {"investments": 2488000000, "changeToLiabilities": 436000000, "totalCashflowsFromInvestingActivities": 500000000, "netBorrowings": 722000000, "totalCashFromFinancingActivities": -2215000000, "changeToOperatingActivities": -648000000, "netIncome": 3555000000, "changeInCash": 2322000000, "repurchaseOfStock": -1390000000, "effectOfExchangeRate": 73000000, "totalCashFromOperatingActivities": 3964000000, "depreciation": 1116000000, "dividendsPaid": -1678000000, "changeToInventory": -24000000, "changeToAccountReceivables": 59000000, "otherCashflowsFromFinancingActivities": 131000000, "changeToNetincome": -530000000, "capitalExpenditures": -863000000}, "2019-12-31": {"investments": 2488000000, "changeToLiabilities": 4000000, "totalCashflowsFromInvestingActivities": -960000000, "netBorrowings": -78000000, "totalCashFromFinancingActivities": -2787000000, "changeToOperatingActivities": -607000000, "netIncome": 3929000000, "changeInCash": 228000000, "repurchaseOfStock": -1480000000, "effectOfExchangeRate": 10000000, "totalCashFromOperatingActivities": 3965000000, "depreciation": 1047000000, "dividendsPaid": -1542000000, "changeToInventory": 31000000, "changeToAccountReceivables": 124000000, "otherCashflowsFromFinancingActivities": 313000000, "changeToNetincome": -563000000, "capitalExpenditures": -925000000}, "2018-12-31": {"investments": 2488000000, "changeToLiabilities": 236000000, "totalCashflowsFromInvestingActivities": -1224000000, "netBorrowings": 839000000, "totalCashFromFinancingActivities": -2329000000, "changeToOperatingActivities": -386000000, "netIncome": 3317000000, "changeInCash": 339000000, "repurchaseOfStock": -2020000000, "effectOfExchangeRate": -56000000, "totalCashFromOperatingActivities": 3948000000, "depreciation": 811000000, "dividendsPaid": -1359000000, "changeToInventory": -204000000, "changeToAccountReceivables": 257000000, "otherCashflowsFromFinancingActivities": 211000000, "changeToNetincome": -83000000, "capitalExpenditures": -1095000000}}, "quarterly": {"2022-06-30": {"investments": 529000000, "changeToLiabilities": -214000000, "totalCashflowsFromInvestingActivities": 442000000, "netBorrowings": -21000000, "totalCashFromFinancingActivities": -1236000000, "changeToOperatingActivities": -141000000, "netIncome": 747000000, "changeInCash": -18000000, "repurchaseOfStock": -755000000, "effectOfExchangeRate": -60000000, "totalCashFromOperatingActivities": 836000000, "depreciation": 273000000, "dividendsPaid": -486000000, "changeToInventory": -285000000, "changeToAccountReceivables": 290000000, "otherCashflowsFromFinancingActivities": 26000000, "changeToNetincome": 166000000, "capitalExpenditures": -218000000}, "2022-03-31": {"investments": 529000000, "changeToLiabilities": 397000000, "totalCashflowsFromInvestingActivities": -1441000000, "netBorrowings": -98000000, "totalCashFromFinancingActivities": -1280000000, "changeToOperatingActivities": 67000000, "netIncome": 855000000, "changeInCash": -1600000000, "repurchaseOfStock": -751000000, "effectOfExchangeRate": -10000000, "totalCashFromOperatingActivities": 1131000000, "depreciation": 275000000, "dividendsPaid": -491000000, "changeToInventory": -81000000, "changeToAccountReceivables": -517000000, "otherCashflowsFromFinancingActivities": 60000000, "changeToNetincome": 135000000, "capitalExpenditures": -167000000}, "2021-12-31": {"investments": -1000000, "changeToLiabilities": 282000000, "totalCashflowsFromInvestingActivities": -132000000, "netBorrowings": -362000000, "totalCashFromFinancingActivities": -1098000000, "changeToOperatingActivities": -275000000, "netIncome": 1003000000, "changeInCash": 145000000, "repurchaseOfStock": -286000000, "effectOfExchangeRate": -46000000, "totalCashFromOperatingActivities": 1421000000, "depreciation": 276000000, "otherCashflowsFromInvestingActivities": -80000000, "dividendsPaid": -489000000, "changeToInventory": 172000000, "changeToAccountReceivables": 220000000, "otherCashflowsFromFinancingActivities": 39000000, "changeToNetincome": -257000000, "capitalExpenditures": -326000000}, "2021-09-30": {"investments": 501000000, "changeToLiabilities": 238000000, "totalCashflowsFromInvestingActivities": 326000000, "netBorrowings": 1191000000, "totalCashFromFinancingActivities": 257000000, "changeToOperatingActivities": -138000000, "netIncome": 1258000000, "changeInCash": 1439000000, "repurchaseOfStock": -326000000, "effectOfExchangeRate": -72000000, "totalCashFromOperatingActivities": 928000000, "depreciation": 273000000, "otherCashflowsFromInvestingActivities": 55000000, "dividendsPaid": -441000000, "changeToInventory": -53000000, "changeToAccountReceivables": -459000000, "otherCashflowsFromFinancingActivities": -167000000, "changeToNetincome": -191000000, "capitalExpenditures": -229000000}}}}, "KDP": {"balance": {"annual": {"2021-12-31": {"intangibleAssets": 23856000000, "capitalSurplus": 21785000000, "totalLiab": 25626000000, "totalStockholderEquity": 24972000000, "otherCurrentLiab": 592000000, "totalAssets": 50598000000, "commonStock": 14000000, "otherCurrentAssets": 236000000, "retainedEarnings": 3199000000, "otherLiab": 6201000000, "goodWill": 20182000000, "treasuryStock": -26000000, "otherAssets": 305000000, "cash": 567000000, "totalCurrentLiabilities": 6485000000, "deferredLongTermAssetCharges": 42000000, "shortLongTermDebt": 163000000, "otherStockholderEquity": -26000000, "propertyPlantEquipment": 3167000000, "totalCurrentAssets": 3057000000, "longTermInvestments": 31000000, "netTangibleAssets": -19066000000, "netReceivables": 1274000000, "longTermDebt": 11711000000, "inventory": 966000000, "accountsPayable": 4316000000}, "2020-12-31": {"intangibleAssets": 23968000000, "capitalSurplus": 21677000000, "totalLiab": 25949000000, "totalStockholderEquity": 23829000000, "minorityInterest": 1000000, "otherCurrentLiab": 451000000, "totalAssets": 49779000000, "commonStock": 14000000, "otherCurrentAssets": 172000000, "retainedEarnings": 2061000000, "otherLiab": 6227000000, "goodWill": 20184000000, "treasuryStock": 77000000, "otherAssets": 293000000, "cash": 240000000, "totalCurrentLiabilities": 7694000000, "deferredLongTermAssetCharges": 45000000, "shortLongTermDebt": 2347000000, "otherStockholderEquity": 77000000, "propertyPlantEquipment": 2857000000, "totalCurrentAssets": 2388000000, "longTermInvestments": 89000000, "netTangibleAssets": -20323000000, "netReceivables": 1144000000, "longTermDebt": 11150000000, "inventory": 817000000, "accountsPayable": 3740000000}, "2019-12-31": {"intangibleAssets": 24117000000, "capitalSurplus": 21557000000, "totalLiab": 26261000000, "totalStockholderEquity": 23257000000, "otherCurrentLiab": 656000000, "totalAssets": 49518000000, "commonStock": 14000000, "otherCurrentAssets": 293000000, "retainedEarnings": 1582000000, "otherLiab": 6264000000, "goodWill": 20172000000, "treasuryStock": 104000000, "otherAssets": 261000000, "cash": 75000000, "totalCurrentLiabilities": 6474000000, "deferredLongTermAssetCharges": 29000000, "shortLongTermDebt": 347000000, "otherStockholderEquity": 104000000, "propertyPlantEquipment": 2525000000, "totalCurrentAssets": 2273000000, "longTermInvestments": 170000000, "netTangibleAssets": -21032000000, "netReceivables": 1184000000, "longTermDebt": 12827000000, "inventory": 703000000, "accountsPayable": 3176000000}, "2018-12-31": {"intangibleAssets": 23967000000, "capitalSurplus": 21471000000, "totalLiab": 26385000000, "totalStockholderEquity": 22533000000, "otherCurrentLiab": 899000000, "totalAssets": 48918000000, "commonStock": 14000000, "otherCurrentAssets": 153000000, "retainedEarnings": 1178000000, "otherLiab": 6171000000, "goodWill": 20011000000, "treasuryStock": -130000000, "otherAssets": 207000000, "cash": 83000000, "totalCurrentLiabilities": 5702000000, "deferredLongTermAssetCharges": 26000000, "shortLongTermDebt": 386000000, "otherStockholderEquity": -130000000, "propertyPlantEquipment": 2310000000, "totalCurrentAssets": 2159000000, "longTermInvestments": 264000000, "netTangibleAssets": -21445000000, "netReceivables": 1223000000, "longTermDebt": 14207000000, "inventory": 669000000, "accountsPayable": 2300000000}}, "quarterly": {"2022-06-30": {"intangibleAssets": 23774000000, "capitalSurplus": 21701000000, "totalLiab": 26037000000, "totalStockholderEquity": 25391000000, "otherCurrentLiab": 503000000, "totalAssets": 51428000000, "commonStock": 14000000, "otherCurrentAssets": 403000000, "retainedEarnings": 3471000000, "otherLiab": 6217000000, "goodWill": 20163000000, "treasuryStock": 205000000, "otherAssets": 278000000, "cash": 552000000, "totalCurrentLiabilities": 6761000000, "deferredLongTermAssetCharges": 37000000, "shortLongTermDebt": 17000000, "otherStockholderEquity": 205000000, "propertyPlantEquipment": 3275000000, "totalCurrentAssets": 3771000000, "longTermInvestments": 167000000, "netTangibleAssets": -18546000000, "netReceivables": 1471000000, "longTermDebt": 11675000000, "inventory": 1319000000, "accountsPayable": 4950000000}, "2022-03-31": {"intangibleAssets": 23889000000, "capitalSurplus": 21764000000, "totalLiab": 25733000000, "totalStockholderEquity": 25511000000, "otherCurrentLiab": 730000000, "totalAssets": 51244000000, "commonStock": 14000000, "otherCurrentAssets": 401000000, "retainedEarnings": 3518000000, "otherLiab": 6273000000, "goodWill": 20243000000, "treasuryStock": 215000000, "otherAssets": 238000000, "cash": 592000000, "totalCurrentLiabilities": 6448000000, "deferredLongTermAssetCharges": 38000000, "shortLongTermDebt": 6000000, "otherStockholderEquity": 215000000, "propertyPlantEquipment": 3245000000, "totalCurrentAssets": 3490000000, "longTermInvestments": 139000000, "netTangibleAssets": -18621000000, "netReceivables": 1358000000, "longTermDebt": 11662000000, "inventory": 1119000000, "accountsPayable": 4510000000}, "2021-12-31": {"intangibleAssets": 23856000000, "capitalSurplus": 21785000000, "totalLiab": 25626000000, "totalStockholderEquity": 24972000000, "otherCurrentLiab": 592000000, "totalAssets": 50598000000, "commonStock": 14000000, "otherCurrentAssets": 236000000, "retainedEarnings": 3199000000, "otherLiab": 6201000000, "goodWill": 20182000000, "treasuryStock": -26000000, "otherAssets": 305000000, "cash": 567000000, "totalCurrentLiabilities": 6485000000, "deferredLongTermAssetCharges": 42000000, "shortLongTermDebt": 163000000, "otherStockholderEquity": -26000000, "propertyPlantEquipment": 3167000000, "totalCurrentAssets": 3057000000, "longTermInvestments": 31000000, "netTangibleAssets": -19066000000, "netReceivables": 1274000000, "longTermDebt": 11711000000, "inventory": 966000000, "accountsPayable": 4316000000}, "2021-09-30": {"intangibleAssets": 23883000000, "capitalSurplus": 21764000000, "totalLiab": 25925000000, "totalStockholderEquity": 24405000000, "otherCurrentLiab": 467000000, "totalAssets": 50330000000, "commonStock": 14000000, "otherCurrentAssets": 278000000, "retainedEarnings": 2621000000, "otherLiab": 6187000000, "goodWill": 20193000000, "treasuryStock": 6000000, "otherAssets": 311000000, "cash": 200000000, "totalCurrentLiabilities": 6795000000, "deferredLongTermAssetCharges": 40000000, "shortLongTermDebt": 4000000, "otherStockholderEquity": 6000000, "propertyPlantEquipment": 3052000000, "totalCurrentAssets": 2803000000, "longTermInvestments": 88000000, "netTangibleAssets": -19671000000, "netReceivables": 1261000000, "longTermDebt": 11827000000, "inventory": 1038000000, "accountsPayable": 4072000000}}}, "income": {"annual": {"2021-12-31": {"researchDevelopment": 66000000, "effectOfAccountingCharges": null, "incomeBeforeTax": 2798000000, "minorityInterest": null, "netIncome": 2146000000, "sellingGeneralAdministrative": 3724000000, "grossProfit": 7003000000, "ebit": 3096000000, "operatingIncome": 3096000000, "otherOperatingExpenses": -60000000, "interestExpense": -500000000, "extraordinaryItems": null, "nonRecurring": null, "otherItems": null, "incomeTaxExpense": 653000000, "totalRevenue": 12683000000, "totalOperatingExpenses": 9587000000, "costOfRevenue": 5680000000, "totalOtherIncomeExpenseNet": -298000000, "discontinuedOperations": null, "netIncomeFromContinuingOps": 2145000000, "netIncomeApplicableToCommonShares": 2146000000}, "2020-12-31": {"researchDevelopment": 69000000, "effectOfAccountingCharges": null, "incomeBeforeTax": 1753000000, "minorityInterest": 1000000, "netIncome": 1325000000, "sellingGeneralAdministrative": 3398000000, "grossProfit": 6530000000, "ebit": 2891000000, "operatingIncome": 2891000000, "otherOperatingExpenses": 25000000, "interestExpense": -604000000, "extraordinaryItems": null, "nonRecurring": null, "otherItems": null, "incomeTaxExpense": 428000000, "totalRevenue": 11618000000, "totalOperatingExpenses": 8727000000, "costOfRevenue": 5088000000, "totalOtherIncomeExpenseNet": -1138000000, "discontinuedOperations": null, "netIncomeFromContinuingOps": 1325000000, "netIncomeApplicableToCommonShares": 1325000000}, "2019-12-31": {"researchDevelopment": 81000000, "effectOfAccountingCharges": null, "incomeBeforeTax": 1694000000, "minorityInterest": 1000000, "netIncome": 1254000000, "sellingGeneralAdministrative": 3736000000, "grossProfit": 6342000000, "ebit": 2349000000, "operatingIncome": 2349000000, "otherOperatingExpenses": 17000000, "interestExpense": -654000000, "extraordinaryItems": null, "nonRecurring": null, "otherItems": null, "incomeTaxExpense": 440000000, "totalRevenue": 11120000000, "totalOperatingExpenses": 8771000000, "costOfRevenue": 4778000000, "totalOtherIncomeExpenseNet": -655000000, "discontinuedOperations": null, "netIncomeFromContinuingOps": 1254000000, "netIncomeApplicableToCommonShares": 1254000000}, "2018-12-31": {"researchDevelopment": 81000000, "effectOfAccountingCharges": null, "incomeBeforeTax": 791000000, "minorityInterest": 1000000, "netIncome": 586000000, "sellingGeneralAdministrative": 2515000000, "grossProfit": 4015000000, "ebit": 1364000000, "operatingIncome": 1364000000, "otherOperatingExpenses": 26000000, "interestExpense": -452000000, "extraordinaryItems": null, "nonRecurring": null, "otherItems": null, "incomeTaxExpense": 202000000, "totalRevenue": 7442000000, "totalOperatingExpenses": 6078000000, "costOfRevenue": 3427000000, "totalOtherIncomeExpenseNet": -573000000, "discontinuedOperations": null, "netIncomeFromContinuingOps": 589000000, "netIncomeApplicableToCommonShares": 586000000}}, "quarterly": {"2022-06-30": {"researchDevelopment": null, "effectOfAccountingCharges": null, "incomeBeforeTax": 213000000, "minorityInterest": null, "netIncome": 218000000, "sellingGeneralAdministrative": 1175000000, "grossProfit": 1779000000, "ebit": 603000000, "operatingIncome": 603000000, "otherOperatingExpenses": 1000000, "interestExpense": -175000000, "extraordinaryItems": null, "nonRecurring": null, "otherItems": null, "incomeTaxExpense": -5000000, "totalRevenue": 3554000000, "totalOperatingExpenses": 2951000000, "costOfRevenue": 1775000000, "totalOtherIncomeExpenseNet": -390000000, "discontinuedOperations": null, "netIncomeFromContinuingOps": 218000000, "netIncomeApplicableToCommonShares": 218000000}, "2022-03-31": {"researchDevelopment": null, "effectOfAccountingCharges": null, "incomeBeforeTax": 765000000, "minorityInterest": null, "netIncome": 585000000, "sellingGeneralAdministrative": 972000000, "grossProfit": 1654000000, "ebit": 674000000, "operatingIncome": 674000000, "otherOperatingExpenses": -26000000, "interestExpense": -188000000, "extraordinaryItems": null, "nonRecurring": null, "otherItems": null, "incomeTaxExpense": 180000000, "totalRevenue": 3078000000, "totalOperatingExpenses": 2404000000, "costOfRevenue": 1424000000, "totalOtherIncomeExpenseNet": 91000000, "discontinuedOperations": null, "netIncomeFromContinuingOps": 585000000, "netIncomeApplicableToCommonShares": 585000000}, "2021-12-31": {"researchDevelopment": 66000000, "effectOfAccountingCharges": null, "incomeBeforeTax": 1109000000, "minorityInterest": null, "netIncome": 843000000, "sellingGeneralAdministrative": 914000000, "grossProfit": 1776000000, "ebit": 731000000, "operatingIncome": 731000000, "otherOperatingExpenses": -112000000, "interestExpense": -119000000, "extraordinaryItems": null, "nonRecurring": null, "otherItems": null, "incomeTaxExpense": 266000000, "totalRevenue": 3391000000, "totalOperatingExpenses": 2660000000, "costOfRevenue": 1615000000, "totalOtherIncomeExpenseNet": 378000000, "discontinuedOperations": null, "netIncomeFromContinuingOps": 843000000, "netIncomeApplicableToCommonShares": 843000000}, "2021-09-30": {"researchDevelopment": 66000000, "effectOfAccountingCharges": null, "incomeBeforeTax": 678000000, "minorityInterest": null, "netIncome": 530000000, "sellingGeneralAdministrative": 980000000, "grossProfit": 1838000000, "ebit": 858000000, "operatingIncome": 858000000, "otherOperatingExpenses": -112000000, "interestExpense": -116000000, "extraordinaryItems": null, "nonRecurring": null, "otherItems": null, "incomeTaxExpense": 149000000, "totalRevenue": 3250000000, "totalOperatingExpenses": 2392000000, "costOfRevenue": 1412000000, "totalOtherIncomeExpenseNet": -180000000, "discontinuedOperations": null, "netIncomeFromContinuingOps": 529000000, "netIncomeApplicableToCommonShares": 530000000}}}, "cash": {"annual": {"2021-12-31": {"investments": 578000000, "changeToLiabilities": 762000000, "totalCashflowsFromInvestingActivities": 210000000, "netBorrowings": -1775000000, "totalCashFromFinancingActivities": -2762000000, "changeToOperatingActivities": -240000000, "issuanceOfStock": 140000000, "netIncome": 2146000000, "changeInCash": 313000000, "repurchaseOfStock": -125000000, "effectOfExchangeRate": -9000000, "totalCashFromOperatingActivities": 2874000000, "depreciation": 708000000, "otherCashflowsFromInvestingActivities": -35000000, "dividendsPaid": -955000000, "changeToInventory": -133000000, "changeToAccountReceivables": -152000000, "otherCashflowsFromFinancingActivities": -47000000, "changeToNetincome": -331000000, "capitalExpenditures": -423000000}, "2020-12-31": {"investments": -5000000, "changeToLiabilities": 624000000, "totalCashflowsFromInvestingActivities": -316000000, "netBorrowings": -1003000000, "totalCashFromFinancingActivities": -1990000000, "changeToOperatingActivities": -255000000, "issuanceOfStock": 140000000, "netIncome": 1325000000, "changeInCash": 144000000, "repurchaseOfStock": -125000000, "effectOfExchangeRate": -6000000, "totalCashFromOperatingActivities": 2456000000, "depreciation": 653000000, "otherCashflowsFromInvestingActivities": 3000000, "dividendsPaid": -846000000, "changeToInventory": -107000000, "changeToAccountReceivables": -5000000, "otherCashflowsFromFinancingActivities": -141000000, "changeToNetincome": 312000000, "capitalExpenditures": -461000000}, "2019-12-31": {"investments": -16000000, "changeToLiabilities": 583000000, "totalCashflowsFromInvestingActivities": -150000000, "netBorrowings": -1324000000, "totalCashFromFinancingActivities": -2364000000, "changeToOperatingActivities": -222000000, "issuanceOfStock": 140000000, "netIncome": 1254000000, "changeInCash": -28000000, "repurchaseOfStock": -125000000, "effectOfExchangeRate": 12000000, "totalCashFromOperatingActivities": 2474000000, "depreciation": 658000000, "otherCashflowsFromInvestingActivities": -8000000, "dividendsPaid": -844000000, "changeToInventory": -24000000, "changeToAccountReceivables": -7000000, "otherCashflowsFromFinancingActivities": -196000000, "changeToNetincome": 196000000, "capitalExpenditures": -330000000}, "2018-12-31": {"investments": -4000000, "changeToLiabilities": 206000000, "totalCashflowsFromInvestingActivities": -19131000000, "netBorrowings": 8316000000, "totalCashFromFinancingActivities": 17577000000, "changeToOperatingActivities": -87000000, "issuanceOfStock": 9000000000, "netIncome": 586000000, "changeInCash": 44000000, "repurchaseOfStock": -125000000, "effectOfExchangeRate": -15000000, "totalCashFromOperatingActivities": 1613000000, "depreciation": 434000000, "otherCashflowsFromInvestingActivities": -5000000, "dividendsPaid": -232000000, "changeToInventory": 185000000, "changeToAccountReceivables": 82000000, "otherCashflowsFromFinancingActivities": 493000000, "changeToNetincome": 136000000, "capitalExpenditures": -180000000}}, "quarterly": {"2022-06-30": {"investments": -45000000, "changeToLiabilities": 529000000, "totalCashflowsFromInvestingActivities": -134000000, "netBorrowings": -185000000, "totalCashFromFinancingActivities": -577000000, "changeToOperatingActivities": -31000000, "netIncome": 218000000, "changeInCash": -40000000, "repurchaseOfStock": -91000000, "effectOfExchangeRate": -5000000, "totalCashFromOperatingActivities": 676000000, "depreciation": 176000000, "otherCashflowsFromInvestingActivities": -12000000, "dividendsPaid": -266000000, "changeToInventory": -199000000, "changeToAccountReceivables": -133000000, "otherCashflowsFromFinancingActivities": -35000000, "changeToNetincome": 496000000, "capitalExpenditures": -77000000}, "2022-03-31": {"investments": 47000000, "changeToLiabilities": 151000000, "totalCashflowsFromInvestingActivities": 3000000, "netBorrowings": -370000000, "totalCashFromFinancingActivities": -644000000, "changeToOperatingActivities": -146000000, "netIncome": 585000000, "changeInCash": 26000000, "repurchaseOfStock": -5000000, "effectOfExchangeRate": 4000000, "totalCashFromOperatingActivities": 663000000, "depreciation": 182000000, "otherCashflowsFromInvestingActivities": -3000000, "dividendsPaid": -265000000, "changeToInventory": -147000000, "changeToAccountReceivables": -73000000, "otherCashflowsFromFinancingActivities": -4000000, "changeToNetincome": -24000000, "capitalExpenditures": -109000000}, "2021-12-31": {"investments": 578000000, "changeToLiabilities": 226000000, "totalCashflowsFromInvestingActivities": 560000000, "netBorrowings": -863000000, "totalCashFromFinancingActivities": -1132000000, "changeToOperatingActivities": -44000000, "netIncome": 843000000, "changeInCash": 365000000, "repurchaseOfStock": -5000000, "effectOfExchangeRate": -4000000, "totalCashFromOperatingActivities": 941000000, "depreciation": 185000000, "otherCashflowsFromInvestingActivities": -23000000, "dividendsPaid": -268000000, "changeToInventory": 77000000, "changeToAccountReceivables": -26000000, "otherCashflowsFromFinancingActivities": -1000000, "changeToNetincome": -445000000, "capitalExpenditures": -98000000}, "2021-09-30": {"investments": 578000000, "changeToLiabilities": 243000000, "totalCashflowsFromInvestingActivities": -150000000, "netBorrowings": -338000000, "totalCashFromFinancingActivities": -602000000, "changeToOperatingActivities": -67000000, "netIncome": 530000000, "changeInCash": 33000000, "repurchaseOfStock": -5000000, "effectOfExchangeRate": -9000000, "totalCashFromOperatingActivities": 794000000, "depreciation": 170000000, "otherCashflowsFromInvestingActivities": -13000000, "dividendsPaid": -263000000, "changeToInventory": -79000000, "changeToAccountReceivables": -85000000, "otherCashflowsFromFinancingActivities": -1000000, "changeToNetincome": 28000000, "capitalExpenditures": -121000000}}}}, "MNST": {"balance": {"annual": {"2021-12-31": {"intangibleAssets": 1072386000, "capitalSurplus": 4652620000, "totalLiab": 1237833000, "totalStockholderEquity": 6566951000, "otherCurrentLiab": 73861000, "totalAssets": 7804784000, "commonStock": 3200000, "otherCurrentAssets": 33892000, "retainedEarnings": 7809549000, "otherLiab": 255327000, "goodWill": 1331643000, "treasuryStock": -5898418000, "otherAssets": 280916000, "cash": 1326462000, "totalCurrentLiabilities": 965076000, "deferredLongTermAssetCharges": 225221000, "otherStockholderEquity": -69165000, "propertyPlantEquipment": 336910000, "totalCurrentAssets": 4682110000, "longTermInvestments": 100819000, "netTangibleAssets": 4162922000, "shortTermInvestments": 1749727000, "netReceivables": 896004000, "inventory": 593357000, "accountsPayable": 404263000}, "2020-12-31": {"intangibleAssets": 1059046000, "capitalSurplus": 4537982000, "totalLiab": 1041856000, "totalStockholderEquity": 5160860000, "otherCurrentLiab": 71509000, "totalAssets": 6202716000, "commonStock": 3193000, "otherCurrentAssets": 24802000, "retainedEarnings": 6432074000, "otherLiab": 274502000, "goodWill": 1331643000, "treasuryStock": -5812389000, "otherAssets": 289371000, "cash": 1180413000, "totalCurrentLiabilities": 749988000, "deferredLongTermAssetCharges": 241650000, "otherStockholderEquity": 3034000, "propertyPlantEquipment": 337410000, "totalCurrentAssets": 3140955000, "longTermInvestments": 44291000, "netTangibleAssets": 2770171000, "shortTermInvestments": 881354000, "netReceivables": 665943000, "inventory": 333085000, "accountsPayable": 296800000}, "2019-12-31": {"intangibleAssets": 1052105000, "capitalSurplus": 4397511000, "totalLiab": 979071000, "totalStockholderEquity": 4171281000, "otherCurrentLiab": 59970000, "totalAssets": 5150352000, "commonStock": 3182000, "otherCurrentAssets": 29689000, "retainedEarnings": 5022480000, "otherLiab": 292323000, "goodWill": 1331643000, "treasuryStock": -5251892000, "otherAssets": 107408000, "cash": 797957000, "totalCurrentLiabilities": 661097000, "deferredLongTermAssetCharges": 84777000, "otherStockholderEquity": -32387000, "propertyPlantEquipment": 329982000, "totalCurrentAssets": 2316309000, "longTermInvestments": 12905000, "netTangibleAssets": 1787533000, "shortTermInvestments": 533063000, "netReceivables": 540001000, "inventory": 360731000, "accountsPayable": 274045000}, "2018-12-31": {"intangibleAssets": 1045878000, "capitalSurplus": 4238170000, "totalLiab": 915990000, "totalStockholderEquity": 3610901000, "otherCurrentLiab": 54769000, "totalAssets": 4526891000, "commonStock": 3155000, "otherCurrentAssets": 38874000, "retainedEarnings": 3914645000, "otherLiab": 314845000, "goodWill": 1331643000, "treasuryStock": -4545069000, "otherAssets": 100249000, "cash": 637513000, "totalCurrentLiabilities": 601145000, "deferredLongTermAssetCharges": 85687000, "otherStockholderEquity": -32864000, "propertyPlantEquipment": 243051000, "totalCurrentAssets": 1804170000, "longTermInvestments": 1900000, "netTangibleAssets": 1233380000, "shortTermInvestments": 320650000, "netReceivables": 484519000, "inventory": 277705000, "accountsPayable": 248760000}}, "quarterly": {"2022-06-30": {"intangibleAssets": 1223114000, "capitalSurplus": 4707569000, "totalLiab": 1365834000, "totalStockholderEquity": 6809178000, "otherCurrentLiab": 60323000, "totalAssets": 8175012000, "commonStock": 3205000, "otherCurrentAssets": 33601000, "retainedEarnings": 8377112000, "otherLiab": 242569000, "goodWill": 1412941000, "treasuryStock": -6278708000, "otherAssets": 274933000, "cash": 1132039000, "totalCurrentLiabilities": 1093608000, "deferredLongTermAssetCharges": 203287000, "otherStockholderEquity": -152957000, "propertyPlantEquipment": 501985000, "totalCurrentAssets": 4696620000, "longTermInvestments": 65419000, "netTangibleAssets": 4173123000, "shortTermInvestments": 1337792000, "netReceivables": 1174967000, "inventory": 885948000, "accountsPayable": 492858000}, "2022-03-31": {"intangibleAssets": 1232113000, "capitalSurplus": 4673302000, "totalLiab": 1320787000, "totalStockholderEquity": 6866672000, "otherCurrentLiab": 68380000, "totalAssets": 8187459000, "commonStock": 3203000, "otherCurrentAssets": 40232000, "retainedEarnings": 8103752000, "otherLiab": 249677000, "goodWill": 1411928000, "treasuryStock": -5913585000, "otherAssets": 291207000, "cash": 1014786000, "totalCurrentLiabilities": 1044361000, "deferredLongTermAssetCharges": 225221000, "otherStockholderEquity": -72145000, "propertyPlantEquipment": 441593000, "totalCurrentAssets": 4743666000, "longTermInvestments": 66952000, "netTangibleAssets": 4222631000, "shortTermInvestments": 1717648000, "netReceivables": 1039541000, "inventory": 821132000, "accountsPayable": 438256000}, "2021-12-31": {"intangibleAssets": 1072386000, "capitalSurplus": 4652620000, "totalLiab": 1237833000, "totalStockholderEquity": 6566951000, "otherCurrentLiab": 73861000, "totalAssets": 7804784000, "commonStock": 3200000, "otherCurrentAssets": 33892000, "retainedEarnings": 7809549000, "otherLiab": 255327000, "goodWill": 1331643000, "treasuryStock": -5898418000, "otherAssets": 280916000, "cash": 1326462000, "totalCurrentLiabilities": 965076000, "deferredLongTermAssetCharges": 225221000, "otherStockholderEquity": -69165000, "propertyPlantEquipment": 336910000, "totalCurrentAssets": 4682110000, "longTermInvestments": 100819000, "netTangibleAssets": 4162922000, "shortTermInvestments": 1749727000, "netReceivables": 896004000, "inventory": 593357000, "accountsPayable": 404263000}, "2021-09-30": {"intangibleAssets": 1066083000, "capitalSurplus": 4626299000, "totalLiab": 1204411000, "totalStockholderEquity": 6244997000, "otherCurrentLiab": 68765000, "totalAssets": 7449408000, "commonStock": 3199000, "otherCurrentAssets": 30776000, "retainedEarnings": 7488235000, "otherLiab": 256763000, "goodWill": 1331643000, "treasuryStock": -5872736000, "otherAssets": 308589000, "cash": 1712671000, "totalCurrentLiabilities": 932240000, "deferredLongTermAssetCharges": 241297000, "otherStockholderEquity": -43495000, "propertyPlantEquipment": 329765000, "totalCurrentAssets": 4383673000, "longTermInvestments": 29655000, "netTangibleAssets": 3847271000, "shortTermInvestments": 1224066000, "netReceivables": 849000000, "inventory": 471553000, "accountsPayable": 396229000}}}, "income": {"annual": {"2021-12-31": {"researchDevelopment": null, "effectOfAccountingCharges": null, "incomeBeforeTax": 1801419000, "minorityInterest": null, "netIncome": 1377475000, "sellingGeneralAdministrative": 1305746000, "grossProfit": 3108513000, "ebit": 1802767000, "operatingIncome": 1802767000, "otherOperatingExpenses": null, "interestExpense": -19000, "extraordinaryItems": null, "nonRecurring": null, "otherItems": null, "incomeTaxExpense": 423944000, "totalRevenue": 5541352000, "totalOperatingExpenses": 3738585000, "costOfRevenue": 2432839000, "totalOtherIncomeExpenseNet": -1348000, "discontinuedOperations": null, "netIncomeFromContinuingOps": 1377475000, "netIncomeApplicableToCommonShares": 1377475000}, "2020-12-31": {"researchDevelopment": null, "effectOfAccountingCharges": null, "incomeBeforeTax": 1626157000, "minorityInterest": null, "netIncome": 1409594000, "sellingGeneralAdministrative": 1090527000, "grossProfit": 2723880000, "ebit": 1633353000, "operatingIncome": 1633353000, "otherOperatingExpenses": null, "interestExpense": -39000, "extraordinaryItems": null, "nonRecurring": null, "otherItems": null, "incomeTaxExpense": 216563000, "totalRevenue": 4598638000, "totalOperatingExpenses": 2965285000, "costOfRevenue": 1874758000, "totalOtherIncomeExpenseNet": -7196000, "discontinuedOperations": null, "netIncomeFromContinuingOps": 1409594000, "netIncomeApplicableToCommonShares": 1409594000}, "2019-12-31": {"researchDevelopment": null, "effectOfAccountingCharges": null, "incomeBeforeTax": 1415962000, "minorityInterest": null, "netIncome": 1107835000, "sellingGeneralAdministrative": 1104346000, "grossProfit": 2518585000, "ebit": 1414239000, "operatingIncome": 1414239000, "otherOperatingExpenses": null, "interestExpense": -56000, "extraordinaryItems": null, "nonRecurring": null, "otherItems": null, "incomeTaxExpense": 308127000, "totalRevenue": 4200819000, "totalOperatingExpenses": 2786580000, "costOfRevenue": 1682234000, "totalOtherIncomeExpenseNet": 1723000, "discontinuedOperations": null, "netIncomeFromContinuingOps": 1107835000, "netIncomeApplicableToCommonShares": 1107835000}, "2018-12-31": {"researchDevelopment": null, "effectOfAccountingCharges": null, "incomeBeforeTax": 1293272000, "minorityInterest": null, "netIncome": 993004000, "sellingGeneralAdministrative": 985156000, "grossProfit": 2295375000, "ebit": 1310219000, "operatingIncome": 1310219000, "otherOperatingExpenses": null, "interestExpense": -60000, "extraordinaryItems": null, "nonRecurring": null, "otherItems": null, "incomeTaxExpense": 300268000, "totalRevenue": 3807183000, "totalOperatingExpenses": 2496964000, "costOfRevenue": 1511808000, "totalOtherIncomeExpenseNet": -16947000, "discontinuedOperations": null, "netIncomeFromContinuingOps": 993004000, "netIncomeApplicableToCommonShares": 993004000}}, "quarterly": {"2022-06-30": {"researchDevelopment": null, "effectOfAccountingCharges": null, "incomeBeforeTax": 366170000, "minorityInterest": null, "netIncome": 273360000, "sellingGeneralAdministrative": 406762000, "grossProfit": 779861000, "ebit": 372951000, "operatingIncome": 372951000, "otherOperatingExpenses": null, "interestExpense": -7000, "extraordinaryItems": null, "nonRecurring": null, "otherItems": null, "incomeTaxExpense": 92810000, "totalRevenue": 1655260000, "totalOperatingExpenses": 1282309000, "costOfRevenue": 875399000, "totalOtherIncomeExpenseNet": -6781000, "discontinuedOperations": null, "netIncomeFromContinuingOps": 273360000, "netIncomeApplicableToCommonShares": 273360000}, "2022-03-31": {"researchDevelopment": null, "effectOfAccountingCharges": null, "incomeBeforeTax": 392189000, "minorityInterest": null, "netIncome": 294203000, "sellingGeneralAdministrative": 377051000, "grossProfit": 776667000, "ebit": 399489000, "operatingIncome": 399489000, "otherOperatingExpenses": null, "interestExpense": -3000, "extraordinaryItems": null, "nonRecurring": null, "otherItems": null, "incomeTaxExpense": 97986000, "totalRevenue": 1518574000, "totalOperatingExpenses": 1119085000, "costOfRevenue": 741907000, "totalOtherIncomeExpenseNet": -7300000, "discontinuedOperations": null, "netIncomeFromContinuingOps": 294203000, "netIncomeApplicableToCommonShares": 294203000}, "2021-12-31": {"researchDevelopment": null, "effectOfAccountingCharges": null, "incomeBeforeTax": 419011000, "minorityInterest": null, "netIncome": 321314000, "sellingGeneralAdministrative": 349794000, "grossProfit": 767580000, "ebit": 418180000, "operatingIncome": 418180000, "otherOperatingExpenses": null, "interestExpense": -4000, "extraordinaryItems": null, "nonRecurring": null, "otherItems": null, "incomeTaxExpense": 97697000, "totalRevenue": 1425044000, "totalOperatingExpenses": 1006864000, "costOfRevenue": 657464000, "totalOtherIncomeExpenseNet": 831000, "discontinuedOperations": null, "netIncomeFromContinuingOps": 321314000, "netIncomeApplicableToCommonShares": 321314000}, "2021-09-30": {"researchDevelopment": null, "effectOfAccountingCharges": null, "incomeBeforeTax": 442174000, "minorityInterest": null, "netIncome": 337205000, "sellingGeneralAdministrative": 344556000, "grossProfit": 789158000, "ebit": 444464000, "operatingIncome": 444464000, "otherOperatingExpenses": null, "interestExpense": -6000, "extraordinaryItems": null, "nonRecurring": null, "otherItems": null, "incomeTaxExpense": 104969000, "totalRevenue": 1410557000, "totalOperatingExpenses": 966093000, "costOfRevenue": 621399000, "totalOtherIncomeExpenseNet": -2290000, "discontinuedOperations": null, "netIncomeFromContinuingOps": 337205000, "netIncomeApplicableToCommonShares": 337205000}}}, "cash": {"annual": {"2021-12-31": {"investments": -924544000, "changeToLiabilities": 91639000, "totalCashflowsFromInvestingActivities": -992022000, "netBorrowings": 2928000, "totalCashFromFinancingActivities": 34821000, "changeToOperatingActivities": 82185000, "issuanceOfStock": 45723000, "netIncome": 1377475000, "changeInCash": 146049000, "repurchaseOfStock": -13830000, "effectOfExchangeRate": -52491000, "totalCashFromOperatingActivities": 1155741000, "depreciation": 50155000, "otherCashflowsFromInvestingActivities": -11353000, "changeToInventory": -277793000, "changeToAccountReceivables": -254228000, "changeToNetincome": 90006000, "capitalExpenditures": -43868000}, "2020-12-31": {"investments": -379785000, "changeToLiabilities": -2784000, "totalCashflowsFromInvestingActivities": -472487000, "netBorrowings": -3086000, "totalCashFromFinancingActivities": -526068000, "changeToOperatingActivities": 48044000, "issuanceOfStock": 72936000, "netIncome": 1409594000, "changeInCash": 382456000, "repurchaseOfStock": -595918000, "effectOfExchangeRate": 16848000, "totalCashFromOperatingActivities": 1364163000, "depreciation": 57030000, "otherCashflowsFromInvestingActivities": -26423000, "changeToInventory": 30304000, "changeToAccountReceivables": -119672000, "changeToNetincome": -74291000, "capitalExpenditures": -48722000}, "2019-12-31": {"investments": -216300000, "changeToLiabilities": 3974000, "totalCashflowsFromInvestingActivities": -326724000, "netBorrowings": -13569000, "totalCashFromFinancingActivities": -628506000, "changeToOperatingActivities": 349000, "issuanceOfStock": 92363000, "netIncome": 1107835000, "changeInCash": 160444000, "repurchaseOfStock": -707300000, "effectOfExchangeRate": 1912000, "totalCashFromOperatingActivities": 1113762000, "depreciation": 60727000, "otherCashflowsFromInvestingActivities": -1265000, "changeToInventory": -85222000, "changeToAccountReceivables": -59941000, "changeToNetincome": 68454000, "capitalExpenditures": -101661000}, "2018-12-31": {"investments": 355400000, "changeToLiabilities": -10115000, "totalCashflowsFromInvestingActivities": 272956000, "netBorrowings": -1886000, "totalCashFromFinancingActivities": -1316111000, "changeToOperatingActivities": 30094000, "issuanceOfStock": 27851000, "netIncome": 993004000, "changeInCash": 108891000, "repurchaseOfStock": -1342076000, "effectOfExchangeRate": -9835000, "totalCashFromOperatingActivities": 1161881000, "depreciation": 56979000, "otherCashflowsFromInvestingActivities": -11814000, "changeToInventory": -26146000, "changeToAccountReceivables": -38412000, "changeToNetincome": 55818000, "capitalExpenditures": -61941000}}, "quarterly": {"2022-06-30": {"investments": 382557000, "changeToLiabilities": 63984000, "totalCashflowsFromInvestingActivities": 297892000, "netBorrowings": 1470000, "totalCashFromFinancingActivities": -264730000, "changeToOperatingActivities": -16663000, "issuanceOfStock": 18112000, "netIncome": 273360000, "changeInCash": 117253000, "repurchaseOfStock": -284312000, "effectOfExchangeRate": -46923000, "totalCashFromOperatingActivities": 131014000, "depreciation": 15833000, "otherCashflowsFromInvestingActivities": -6497000, "changeToInventory": -90403000, "changeToAccountReceivables": -154803000, "changeToNetincome": 39889000, "capitalExpenditures": -77935000}, "2022-03-31": {"investments": 62883000, "changeToLiabilities": 12414000, "totalCashflowsFromInvestingActivities": -303630000, "netBorrowings": 3454000, "totalCashFromFinancingActivities": -4223000, "changeToOperatingActivities": 19435000, "issuanceOfStock": 4510000, "netIncome": 294203000, "changeInCash": -311676000, "repurchaseOfStock": -12187000, "effectOfExchangeRate": -3472000, "totalCashFromOperatingActivities": -351000, "depreciation": 14599000, "otherCashflowsFromInvestingActivities": -6241000, "changeToInventory": -208673000, "changeToAccountReceivables": -134433000, "changeToNetincome": 17807000, "capitalExpenditures": -21511000}, "2021-12-31": {"investments": -597749000, "changeToLiabilities": 2853000, "totalCashflowsFromInvestingActivities": -610322000, "netBorrowings": 4742000, "totalCashFromFinancingActivities": 13293000, "changeToOperatingActivities": 35252000, "issuanceOfStock": 8563000, "netIncome": 321314000, "changeInCash": -386209000, "repurchaseOfStock": -12000, "effectOfExchangeRate": -16939000, "totalCashFromOperatingActivities": 227759000, "depreciation": 9439000, "otherCashflowsFromInvestingActivities": 11456000, "changeToInventory": -128379000, "changeToAccountReceivables": -54747000, "changeToNetincome": 38246000, "capitalExpenditures": -15737000}, "2021-09-30": {"investments": -192293000, "changeToLiabilities": 36089000, "totalCashflowsFromInvestingActivities": -201538000, "netBorrowings": -5438000, "totalCashFromFinancingActivities": 7236000, "changeToOperatingActivities": 12778000, "issuanceOfStock": 12674000, "netIncome": 337205000, "changeInCash": 128432000, "repurchaseOfStock": -12000, "effectOfExchangeRate": -18662000, "totalCashFromOperatingActivities": 341396000, "depreciation": 13227000, "otherCashflowsFromInvestingActivities": -1573000, "changeToInventory": -96873000, "changeToAccountReceivables": 40059000, "changeToNetincome": 16538000, "capitalExpenditures": -12609000}}}}, "HSY": {"balance": {"annual": {"2021-12-31": {"intangibleAssets": 2298244000, "capitalSurplus": 1260331000, "totalLiab": 7655002000, "totalStockholderEquity": 2757229000, "otherCurrentLiab": 3070000, "totalAssets": 10412231000, "commonStock": 221553000, "otherCurrentAssets": 127678000, "retainedEarnings": 2719936000, "otherLiab": 764163000, "goodWill": 2633174000, "treasuryStock": -1444591000, "otherAssets": 203619000, "cash": 329266000, "totalCurrentLiabilities": 2493313000, "deferredLongTermAssetCharges": 40873000, "otherStockholderEquity": -249215000, "propertyPlantEquipment": 2937899000, "totalCurrentAssets": 2246206000, "longTermInvestments": 93089000, "netTangibleAssets": -2174189000, "netReceivables": 671464000, "longTermDebt": 4020325000, "inventory": 988511000, "accountsPayable": 692338000}, "2020-12-31": {"intangibleAssets": 1482887000, "capitalSurplus": 1191200000, "totalLiab": 6893962000, "totalStockholderEquity": 2234352000, "minorityInterest": 3531000, "otherCurrentLiab": 17051000, "totalAssets": 9131845000, "commonStock": 221553000, "otherCurrentAssets": 158809000, "retainedEarnings": 1928673000, "otherLiab": 730591000, "goodWill": 1988215000, "treasuryStock": -1107074000, "otherAssets": 120964000, "cash": 1143987000, "totalCurrentLiabilities": 1891745000, "deferredLongTermAssetCharges": 29369000, "shortLongTermDebt": 433961000, "otherStockholderEquity": -338082000, "propertyPlantEquipment": 2509523000, "totalCurrentAssets": 2977905000, "longTermInvestments": 52351000, "netTangibleAssets": -1236750000, "netReceivables": 615233000, "longTermDebt": 4013868000, "inventory": 964207000, "accountsPayable": 580058000}, "2019-12-31": {"intangibleAssets": 1495008000, "capitalSurplus": 1142210000, "totalLiab": 6395401000, "totalStockholderEquity": 1739222000, "minorityInterest": 5772000, "otherCurrentLiab": 19921000, "totalAssets": 8140395000, "commonStock": 221553000, "otherCurrentAssets": 156022000, "retainedEarnings": 1290461000, "otherLiab": 671632000, "goodWill": 1985955000, "treasuryStock": -915002000, "otherAssets": 168513000, "cash": 493262000, "totalCurrentLiabilities": 2008793000, "deferredLongTermAssetCharges": 31033000, "shortLongTermDebt": 699311000, "otherStockholderEquity": -323966000, "propertyPlantEquipment": 2373817000, "totalCurrentAssets": 2117102000, "netTangibleAssets": -1741741000, "netReceivables": 568509000, "longTermDebt": 3455249000, "inventory": 815251000, "accountsPayable": 550828000}, "2018-12-31": {"intangibleAssets": 1404671000, "capitalSurplus": 982205000, "totalLiab": 6295754000, "totalStockholderEquity": 1398721000, "minorityInterest": 8545000, "otherCurrentLiab": 34369000, "totalAssets": 7703020000, "commonStock": 359901000, "otherCurrentAssets": 203669000, "retainedEarnings": 7032020000, "otherLiab": 622908000, "goodWill": 1801103000, "treasuryStock": -6975405000, "otherAssets": 127771000, "cash": 587998000, "totalCurrentLiabilities": 2418566000, "deferredLongTermAssetCharges": 1166000, "shortLongTermDebt": 5387000, "otherStockholderEquity": -356780000, "propertyPlantEquipment": 2130294000, "totalCurrentAssets": 2239181000, "netTangibleAssets": -1807053000, "netReceivables": 594145000, "longTermDebt": 3152300000, "inventory": 784879000, "accountsPayable": 502314000}}, "quarterly": {"2022-07-03": {"intangibleAssets": 2303769000, "capitalSurplus": 1258091000, "totalLiab": 7697134000, "totalStockholderEquity": 2891740000, "otherCurrentLiab": 20543000, "totalAssets": 10588874000, "commonStock": 221553000, "otherCurrentAssets": 130344000, "retainedEarnings": 3208598000, "otherLiab": 752798000, "goodWill": 2616497000, "treasuryStock": -1796502000, "otherAssets": 172275000, "cash": 339722000, "totalCurrentLiabilities": 3300910000, "deferredLongTermAssetCharges": 40516000, "shortLongTermDebt": 749301000, "otherStockholderEquity": -268381000, "propertyPlantEquipment": 2928137000, "totalCurrentAssets": 2428465000, "longTermInvestments": 139731000, "netTangibleAssets": -2028526000, "netReceivables": 654399000, "longTermDebt": 3273122000, "inventory": 1208239000, "accountsPayable": 876193000}, "2022-04-03": {"intangibleAssets": 2309871000, "capitalSurplus": 1243240000, "totalLiab": 7729495000, "totalStockholderEquity": 2915549000, "otherCurrentLiab": 79635000, "totalAssets": 10645044000, "commonStock": 221553000, "otherCurrentAssets": 132525000, "retainedEarnings": 3071416000, "otherLiab": 762826000, "goodWill": 2620594000, "treasuryStock": -1620660000, "otherAssets": 202748000, "cash": 338055000, "totalCurrentLiabilities": 2565637000, "deferredLongTermAssetCharges": 42817000, "otherStockholderEquity": -242009000, "propertyPlantEquipment": 2945013000, "totalCurrentAssets": 2457438000, "longTermInvestments": 109380000, "netTangibleAssets": -2014916000, "netReceivables": 868426000, "longTermDebt": 4022164000, "inventory": 1031503000, "accountsPayable": 825231000}, "2021-12-31": {"intangibleAssets": 2298244000, "capitalSurplus": 1260331000, "totalLiab": 7655002000, "totalStockholderEquity": 2757229000, "otherCurrentLiab": 3070000, "totalAssets": 10412231000, "commonStock": 221553000, "otherCurrentAssets": 127678000, "retainedEarnings": 2719936000, "otherLiab": 764163000, "goodWill": 2633174000, "treasuryStock": -1444591000, "otherAssets": 203619000, "cash": 329266000, "totalCurrentLiabilities": 2493313000, "deferredLongTermAssetCharges": 40873000, "otherStockholderEquity": -249215000, "propertyPlantEquipment": 2937899000, "totalCurrentAssets": 2246206000, "longTermInvestments": 93089000, "netTangibleAssets": -2174189000, "netReceivables": 671464000, "longTermDebt": 4020325000, "inventory": 988511000, "accountsPayable": 692338000}, "2021-10-03": {"intangibleAssets": 1726473000, "capitalSurplus": 1240012000, "totalLiab": 6902050000, "totalStockholderEquity": 2528294000, "minorityInterest": 8839000, "otherCurrentLiab": 69482000, "totalAssets": 9439183000, "commonStock": 221553000, "otherCurrentAssets": 130418000, "retainedEarnings": 2565538000, "otherLiab": 733569000, "goodWill": 2164580000, "treasuryStock": -1498809000, "otherAssets": 161382000, "cash": 675516000, "totalCurrentLiabilities": 1906495000, "deferredLongTermAssetCharges": 39674000, "shortLongTermDebt": 2812000, "otherStockholderEquity": -298400000, "propertyPlantEquipment": 2566939000, "totalCurrentAssets": 2741944000, "longTermInvestments": 77865000, "netTangibleAssets": -1362759000, "netReceivables": 841227000, "longTermDebt": 4016913000, "inventory": 1026541000, "accountsPayable": 671855000}}}, "income": {"annual": {"2021-12-31": {"researchDevelopment": 40107000, "effectOfAccountingCharges": null, "incomeBeforeTax": 1797224000, "minorityInterest": null, "netIncome": 1477512000, "sellingGeneralAdministrative": 1965118000, "grossProfit": 4053818000, "ebit": 2048593000, "operatingIncome": 2048593000, "otherOperatingExpenses": null, "interestExpense": -129846000, "extraordinaryItems": null, "nonRecurring": null, "otherItems": null, "incomeTaxExpense": 314405000, "totalRevenue": 8971337000, "totalOperatingExpenses": 6922744000, "costOfRevenue": 4917519000, "totalOtherIncomeExpenseNet": -251369000, "discontinuedOperations": null, "netIncomeFromContinuingOps": 1482819000, "netIncomeApplicableToCommonShares": 1477512000}, "2020-12-31": {"researchDevelopment": 37577000, "effectOfAccountingCharges": null, "incomeBeforeTax": 1494997000, "minorityInterest": 3531000, "netIncome": 1278708000, "sellingGeneralAdministrative": 1858457000, "grossProfit": 3703478000, "ebit": 1807444000, "operatingIncome": 1807444000, "otherOperatingExpenses": null, "interestExpense": -153471000, "extraordinaryItems": null, "nonRecurring": null, "otherItems": null, "incomeTaxExpense": 219584000, "totalRevenue": 8149719000, "totalOperatingExpenses": 6342275000, "costOfRevenue": 4446241000, "totalOtherIncomeExpenseNet": -312447000, "discontinuedOperations": null, "netIncomeFromContinuingOps": 1275413000, "netIncomeApplicableToCommonShares": 1278708000}, "2019-12-31": {"researchDevelopment": 37146000, "effectOfAccountingCharges": null, "incomeBeforeTax": 1380784000, "minorityInterest": 5772000, "netIncome": 1149692000, "sellingGeneralAdministrative": 1888072000, "grossProfit": 3622478000, "ebit": 1697260000, "operatingIncome": 1697260000, "otherOperatingExpenses": null, "interestExpense": -152122000, "extraordinaryItems": null, "nonRecurring": null, "otherItems": null, "incomeTaxExpense": 234032000, "totalRevenue": 7986252000, "totalOperatingExpenses": 6288992000, "costOfRevenue": 4363774000, "totalOtherIncomeExpenseNet": -316476000, "discontinuedOperations": null, "netIncomeFromContinuingOps": 1146752000, "netIncomeApplicableToCommonShares": 1149692000}, "2018-12-31": {"researchDevelopment": 38521000, "effectOfAccountingCharges": null, "incomeBeforeTax": 1410061000, "minorityInterest": 8545000, "netIncome": 1177562000, "sellingGeneralAdministrative": 1817660000, "grossProfit": 3586648000, "ebit": 1730467000, "operatingIncome": 1730467000, "otherOperatingExpenses": null, "interestExpense": -146858000, "extraordinaryItems": null, "nonRecurring": null, "otherItems": null, "incomeTaxExpense": 239010000, "totalRevenue": 7791069000, "totalOperatingExpenses": 6060602000, "costOfRevenue": 4204421000, "totalOtherIncomeExpenseNet": -320406000, "discontinuedOperations": null, "netIncomeFromContinuingOps": 1171051000, "netIncomeApplicableToCommonShares": 1177562000}}, "quarterly": {"2022-07-03": {"researchDevelopment": null, "effectOfAccountingCharges": null, "incomeBeforeTax": 403460000, "minorityInterest": null, "netIncome": 315556000, "sellingGeneralAdministrative": 543251000, "grossProfit": 999976000, "ebit": 456725000, "operatingIncome": 456725000, "otherOperatingExpenses": null, "interestExpense": -33802000, "extraordinaryItems": null, "nonRecurring": null, "otherItems": null, "incomeTaxExpense": 87904000, "totalRevenue": 2372582000, "totalOperatingExpenses": 1915857000, "costOfRevenue": 1372606000, "totalOtherIncomeExpenseNet": -53265000, "discontinuedOperations": null, "netIncomeFromContinuingOps": 315556000, "netIncomeApplicableToCommonShares": 315556000}, "2022-04-03": {"researchDevelopment": null, "effectOfAccountingCharges": null, "incomeBeforeTax": 677404000, "minorityInterest": null, "netIncome": 533478000, "sellingGeneralAdministrative": 520234000, "grossProfit": 1245507000, "ebit": 725273000, "operatingIncome": 725273000, "otherOperatingExpenses": null, "interestExpense": -33536000, "extraordinaryItems": null, "nonRecurring": null, "otherItems": null, "incomeTaxExpense": 143926000, "totalRevenue": 2666221000, "totalOperatingExpenses": 1940948000, "costOfRevenue": 1420714000, "totalOtherIncomeExpenseNet": -47869000, "discontinuedOperations": null, "netIncomeFromContinuingOps": 533478000, "netIncomeApplicableToCommonShares": 533478000}, "2021-12-31": {"researchDevelopment": 40107000, "effectOfAccountingCharges": null, "incomeBeforeTax": 342941000, "minorityInterest": null, "netIncome": 335556000, "sellingGeneralAdministrative": 518708000, "grossProfit": 1012837000, "ebit": 454022000, "operatingIncome": 454022000, "otherOperatingExpenses": null, "interestExpense": -30430000, "extraordinaryItems": null, "nonRecurring": null, "otherItems": null, "incomeTaxExpense": 3150000, "totalRevenue": 2326128000, "totalOperatingExpenses": 1872106000, "costOfRevenue": 1313291000, "totalOtherIncomeExpenseNet": -111081000, "discontinuedOperations": null, "netIncomeFromContinuingOps": 339791000, "netIncomeApplicableToCommonShares": 335556000}, "2021-10-03": {"researchDevelopment": 40107000, "effectOfAccountingCharges": null, "incomeBeforeTax": 521673000, "minorityInterest": 8839000, "netIncome": 444927000, "sellingGeneralAdministrative": 485272000, "grossProfit": 1061548000, "ebit": 576276000, "operatingIncome": 576276000, "otherOperatingExpenses": null, "interestExpense": -30686000, "extraordinaryItems": null, "nonRecurring": null, "otherItems": null, "incomeTaxExpense": 76746000, "totalRevenue": 2359839000, "totalOperatingExpenses": 1783563000, "costOfRevenue": 1298291000, "totalOtherIncomeExpenseNet": -54603000, "discontinuedOperations": null, "netIncomeFromContinuingOps": 444927000, "netIncomeApplicableToCommonShares": 444927000}}}, "cash": {"annual": {"2021-12-31": {"investments": -128417000, "changeToLiabilities": 39732000, "totalCashflowsFromInvestingActivities": -2222828000, "netBorrowings": 429586000, "totalCashFromFinancingActivities": -681136000, "changeToOperatingActivities": -21659000, "issuanceOfStock": 33211000, "netIncome": 1477512000, "changeInCash": -814721000, "repurchaseOfStock": -457946000, "effectOfExchangeRate": -5075000, "totalCashFromOperatingActivities": 2082884000, "depreciation": 315002000, "otherCashflowsFromInvestingActivities": 2539000, "dividendsPaid": -685987000, "changeToInventory": 21457000, "changeToAccountReceivables": -14642000, "changeToNetincome": 295164000, "capitalExpenditures": -495877000}, "2020-12-31": {"investments": -87211000, "changeToLiabilities": 41470000, "totalCashflowsFromInvestingActivities": -531280000, "netBorrowings": 327168000, "totalCashFromFinancingActivities": -499228000, "changeToOperatingActivities": -21176000, "issuanceOfStock": 25532000, "netIncome": 1278708000, "changeInCash": 650725000, "repurchaseOfStock": -211196000, "effectOfExchangeRate": -6990000, "totalCashFromOperatingActivities": 1699657000, "depreciation": 294907000, "otherCashflowsFromInvestingActivities": -2443000, "dividendsPaid": -640732000, "changeToInventory": -151918000, "changeToAccountReceivables": -55537000, "changeToNetincome": 329361000, "capitalExpenditures": -441626000}, "2019-12-31": {"investments": -80230000, "changeToLiabilities": 41101000, "totalCashflowsFromInvestingActivities": -780480000, "netBorrowings": -184738000, "totalCashFromFinancingActivities": -1081455000, "changeToOperatingActivities": 17767000, "issuanceOfStock": 240806000, "netIncome": 1149692000, "changeInCash": -94736000, "repurchaseOfStock": -527211000, "effectOfExchangeRate": 3326000, "totalCashFromOperatingActivities": 1763873000, "depreciation": 291544000, "otherCashflowsFromInvestingActivities": 20102000, "dividendsPaid": -610312000, "changeToInventory": -21194000, "changeToAccountReceivables": 40252000, "changeToNetincome": 254255000, "capitalExpenditures": -318192000}, "2018-12-31": {"investments": -52641000, "changeToLiabilities": -100252000, "totalCashflowsFromInvestingActivities": -1502894000, "netBorrowings": 934806000, "totalCashFromFinancingActivities": 116108000, "changeToOperatingActivities": -68234000, "issuanceOfStock": 63323000, "netIncome": 1177562000, "changeInCash": 207819000, "repurchaseOfStock": -247500000, "effectOfExchangeRate": -5388000, "totalCashFromOperatingActivities": 1599993000, "depreciation": 286013000, "otherCashflowsFromInvestingActivities": 20102000, "dividendsPaid": -562521000, "changeToInventory": -12746000, "changeToAccountReceivables": 8585000, "otherCashflowsFromFinancingActivities": -72000000, "changeToNetincome": 233497000, "capitalExpenditures": -328601000}}, "quarterly": {"2022-07-03": {"investments": -93688000, "changeToLiabilities": 25308000, "totalCashflowsFromInvestingActivities": -187019000, "netBorrowings": 39710000, "totalCashFromFinancingActivities": -291951000, "changeToOperatingActivities": -4747000, "issuanceOfStock": 5059000, "netIncome": 315556000, "changeInCash": 1667000, "repurchaseOfStock": -156820000, "effectOfExchangeRate": 23331000, "totalCashFromOperatingActivities": 457306000, "depreciation": 93846000, "otherCashflowsFromInvestingActivities": 6566000, "dividendsPaid": -179900000, "changeToInventory": -182751000, "changeToAccountReceivables": 208837000, "changeToNetincome": 76588000, "capitalExpenditures": -99897000}, "2022-04-03": {"investments": -22503000, "changeToLiabilities": 98027000, "totalCashflowsFromInvestingActivities": -163966000, "netBorrowings": -66690000, "totalCashFromFinancingActivities": -463454000, "changeToOperatingActivities": -23427000, "issuanceOfStock": 16711000, "netIncome": 533478000, "changeInCash": 8789000, "repurchaseOfStock": -232391000, "effectOfExchangeRate": -20258000, "totalCashFromOperatingActivities": 656467000, "depreciation": 91036000, "otherCashflowsFromInvestingActivities": -400000, "dividendsPaid": -181084000, "changeToInventory": -37320000, "changeToAccountReceivables": -189621000, "changeToNetincome": 57036000, "capitalExpenditures": -141063000}, "2021-12-31": {"investments": -52500000, "changeToLiabilities": -36714000, "totalCashflowsFromInvestingActivities": -1383089000, "netBorrowings": 527634000, "totalCashFromFinancingActivities": 356690000, "changeToOperatingActivities": 14612000, "issuanceOfStock": 9849000, "netIncome": 335556000, "changeInCash": -346250000, "repurchaseOfStock": -232391000, "effectOfExchangeRate": 982000, "totalCashFromOperatingActivities": 679167000, "depreciation": 83049000, "otherCashflowsFromInvestingActivities": -590000, "dividendsPaid": -180793000, "changeToInventory": 60321000, "changeToAccountReceivables": 208222000, "changeToNetincome": 136039000, "capitalExpenditures": -148427000}, "2021-10-03": {"investments": -18472000, "changeToLiabilities": 109684000, "totalCashflowsFromInvestingActivities": -139619000, "netBorrowings": 201882000, "totalCashFromFinancingActivities": 3865000, "changeToOperatingActivities": -49440000, "issuanceOfStock": 6473000, "netIncome": 444927000, "changeInCash": 249315000, "repurchaseOfStock": -23600000, "effectOfExchangeRate": -996000, "totalCashFromOperatingActivities": 386065000, "depreciation": 78024000, "otherCashflowsFromInvestingActivities": 6000, "dividendsPaid": -180890000, "changeToInventory": 30104000, "changeToAccountReceivables": -311809000, "changeToNetincome": 60656000, "capitalExpenditures": -119843000}}}}, "KHC": {"balance": {"annual": {"2021-12-25": {"intangibleAssets": 43542000000, "capitalSurplus": 53379000000, "totalLiab": 43942000000, "totalStockholderEquity": 49298000000, "minorityInterest": 154000000, "otherCurrentLiab": 2124000000, "totalAssets": 93394000000, "commonStock": 12000000, "otherCurrentAssets": 727000000, "retainedEarnings": -1682000000, "otherLiab": 13333000000, "goodWill": 31296000000, "treasuryStock": -2411000000, "otherAssets": 2187000000, "cash": 3445000000, "totalCurrentLiabilities": 9064000000, "shortLongTermDebt": 710000000, "otherStockholderEquity": -1824000000, "propertyPlantEquipment": 7375000000, "totalCurrentAssets": 8994000000, "netTangibleAssets": -25540000000, "netReceivables": 1957000000, "longTermDebt": 20963000000, "inventory": 2729000000, "accountsPayable": 4753000000}, "2020-12-26": {"intangibleAssets": 46667000000, "capitalSurplus": 55096000000, "totalLiab": 49587000000, "totalStockholderEquity": 50103000000, "minorityInterest": 140000000, "otherCurrentLiab": 1832000000, "totalAssets": 99830000000, "commonStock": 12000000, "otherCurrentAssets": 2437000000, "retainedEarnings": -2694000000, "otherLiab": 12981000000, "goodWill": 33089000000, "treasuryStock": -2311000000, "otherAssets": 1814000000, "cash": 3417000000, "totalCurrentLiabilities": 8061000000, "shortLongTermDebt": 152000000, "otherStockholderEquity": -1967000000, "propertyPlantEquipment": 7438000000, "totalCurrentAssets": 10822000000, "netTangibleAssets": -29653000000, "netReceivables": 2063000000, "longTermDebt": 27954000000, "inventory": 2773000000, "accountsPayable": 4304000000}, "2019-12-28": {"intangibleAssets": 48652000000, "capitalSurplus": 56828000000, "totalLiab": 49701000000, "totalStockholderEquity": 51623000000, "minorityInterest": 126000000, "otherCurrentLiab": 1394000000, "totalAssets": 101450000000, "commonStock": 12000000, "otherCurrentAssets": 740000000, "retainedEarnings": -3060000000, "otherLiab": 13156000000, "goodWill": 35546000000, "treasuryStock": -2157000000, "otherAssets": 1558000000, "cash": 2279000000, "totalCurrentLiabilities": 7875000000, "shortLongTermDebt": 994000000, "otherStockholderEquity": -1886000000, "propertyPlantEquipment": 7597000000, "totalCurrentAssets": 8097000000, "netTangibleAssets": -32575000000, "netReceivables": 1973000000, "longTermDebt": 28058000000, "inventory": 2721000000, "accountsPayable": 4003000000}, "2018-12-29": {"intangibleAssets": 49468000000, "capitalSurplus": 58723000000, "totalLiab": 51683000000, "totalStockholderEquity": 51657000000, "minorityInterest": 121000000, "otherCurrentLiab": 1537000000, "totalAssets": 103461000000, "commonStock": 12000000, "otherCurrentAssets": 2597000000, "retainedEarnings": -4853000000, "otherLiab": 13410000000, "goodWill": 36503000000, "treasuryStock": -2225000000, "otherAssets": 1337000000, "cash": 1130000000, "totalCurrentLiabilities": 7503000000, "shortLongTermDebt": 377000000, "otherStockholderEquity": -1943000000, "propertyPlantEquipment": 7078000000, "totalCurrentAssets": 9075000000, "netTangibleAssets": -34314000000, "netReceivables": 2281000000, "longTermDebt": 30770000000, "inventory": 2667000000, "accountsPayable": 4153000000}}, "quarterly": {"2022-06-25": {"intangibleAssets": 42960000000, "capitalSurplus": 52520000000, "totalLiab": 42674000000, "totalStockholderEquity": 48796000000, "minorityInterest": 206000000, "otherCurrentLiab": 1781000000, "totalAssets": 91676000000, "commonStock": 12000000, "otherCurrentAssets": 851000000, "retainedEarnings": -640000000, "otherLiab": 13831000000, "goodWill": 31176000000, "treasuryStock": -3096000000, "otherAssets": 2834000000, "cash": 1518000000, "totalCurrentLiabilities": 9119000000, "shortLongTermDebt": 1147000000, "otherStockholderEquity": -2410000000, "propertyPlantEquipment": 6568000000, "totalCurrentAssets": 8138000000, "netTangibleAssets": -25340000000, "netReceivables": 2145000000, "longTermDebt": 19724000000, "inventory": 3433000000, "accountsPayable": 4778000000}, "2022-03-26": {"intangibleAssets": 43640000000, "capitalSurplus": 52954000000, "totalLiab": 44020000000, "totalStockholderEquity": 49644000000, "minorityInterest": 200000000, "otherCurrentLiab": 2264000000, "totalAssets": 93864000000, "commonStock": 12000000, "otherCurrentAssets": 958000000, "retainedEarnings": -905000000, "otherLiab": 13986000000, "goodWill": 31440000000, "treasuryStock": -2417000000, "otherAssets": 2907000000, "cash": 2978000000, "totalCurrentLiabilities": 9064000000, "shortLongTermDebt": 730000000, "otherStockholderEquity": -1812000000, "propertyPlantEquipment": 6602000000, "totalCurrentAssets": 9275000000, "netTangibleAssets": -25436000000, "netReceivables": 2067000000, "longTermDebt": 20970000000, "inventory": 3093000000, "accountsPayable": 4610000000}, "2021-12-25": {"intangibleAssets": 43542000000, "capitalSurplus": 53379000000, "totalLiab": 43942000000, "totalStockholderEquity": 49298000000, "minorityInterest": 154000000, "otherCurrentLiab": 2124000000, "totalAssets": 93394000000, "commonStock": 12000000, "otherCurrentAssets": 727000000, "retainedEarnings": -1682000000, "otherLiab": 13333000000, "goodWill": 31296000000, "treasuryStock": -2411000000, "otherAssets": 2187000000, "cash": 3445000000, "totalCurrentLiabilities": 9064000000, "shortLongTermDebt": 710000000, "otherStockholderEquity": -1824000000, "propertyPlantEquipment": 7375000000, "totalCurrentAssets": 8994000000, "netTangibleAssets": -25540000000, "netReceivables": 1957000000, "longTermDebt": 20963000000, "inventory": 2729000000, "accountsPayable": 4753000000}, "2021-09-25": {"intangibleAssets": 44803000000, "capitalSurplus": 53823000000, "totalLiab": 44659000000, "totalStockholderEquity": 50089000000, "minorityInterest": 149000000, "otherCurrentLiab": 1744000000, "totalAssets": 94897000000, "commonStock": 12000000, "otherCurrentAssets": 2329000000, "retainedEarnings": -1425000000, "otherLiab": 13267000000, "goodWill": 31386000000, "treasuryStock": -2321000000, "otherAssets": 2563000000, "cash": 2273000000, "totalCurrentLiabilities": 8455000000, "shortLongTermDebt": 1034000000, "otherStockholderEquity": -1858000000, "propertyPlantEquipment": 6588000000, "totalCurrentAssets": 9557000000, "netTangibleAssets": -26100000000, "netReceivables": 1958000000, "longTermDebt": 22937000000, "inventory": 2839000000, "accountsPayable": 4380000000}}}, "income": {"annual": {"2021-12-25": {"researchDevelopment": 140000000, "effectOfAccountingCharges": null, "incomeBeforeTax": 1708000000, "minorityInterest": 154000000, "netIncome": 1012000000, "sellingGeneralAdministrative": 3084000000, "grossProfit": 8695000000, "ebit": 5471000000, "operatingIncome": 5471000000, "otherOperatingExpenses": null, "interestExpense": -2047000000, "extraordinaryItems": null, "nonRecurring": null, "otherItems": null, "incomeTaxExpense": 684000000, "totalRevenue": 26042000000, "totalOperatingExpenses": 20571000000, "costOfRevenue": 17347000000, "totalOtherIncomeExpenseNet": -3763000000, "discontinuedOperations": null, "netIncomeFromContinuingOps": 1024000000, "netIncomeApplicableToCommonShares": 1012000000}, "2020-12-26": {"researchDevelopment": 119000000, "effectOfAccountingCharges": null, "incomeBeforeTax": 1030000000, "minorityInterest": 140000000, "netIncome": 356000000, "sellingGeneralAdministrative": 3165000000, "grossProfit": 9171000000, "ebit": 5887000000, "operatingIncome": 5887000000, "otherOperatingExpenses": null, "interestExpense": -1394000000, "extraordinaryItems": null, "nonRecurring": null, "otherItems": null, "incomeTaxExpense": 669000000, "totalRevenue": 26185000000, "totalOperatingExpenses": 20298000000, "costOfRevenue": 17014000000, "totalOtherIncomeExpenseNet": -4857000000, "discontinuedOperations": null, "netIncomeFromContinuingOps": 361000000, "netIncomeApplicableToCommonShares": 356000000}, "2019-12-28": {"researchDevelopment": 112000000, "effectOfAccountingCharges": null, "incomeBeforeTax": 2661000000, "minorityInterest": 126000000, "netIncome": 1935000000, "sellingGeneralAdministrative": 2515000000, "grossProfit": 8195000000, "ebit": 5568000000, "operatingIncome": 5568000000, "otherOperatingExpenses": null, "interestExpense": -1361000000, "extraordinaryItems": null, "nonRecurring": null, "otherItems": null, "incomeTaxExpense": 728000000, "totalRevenue": 24977000000, "totalOperatingExpenses": 19409000000, "costOfRevenue": 16782000000, "totalOtherIncomeExpenseNet": -2907000000, "discontinuedOperations": null, "netIncomeFromContinuingOps": 1933000000, "netIncomeApplicableToCommonShares": 1935000000}, "2018-12-29": {"researchDevelopment": 109000000, "effectOfAccountingCharges": null, "incomeBeforeTax": -11321000000, "minorityInterest": 121000000, "netIncome": -10192000000, "sellingGeneralAdministrative": 2604000000, "grossProfit": 9073000000, "ebit": 6360000000, "operatingIncome": 6360000000, "otherOperatingExpenses": null, "interestExpense": -1284000000, "extraordinaryItems": null, "nonRecurring": null, "otherItems": null, "incomeTaxExpense": -1067000000, "totalRevenue": 26268000000, "totalOperatingExpenses": 19908000000, "costOfRevenue": 17195000000, "totalOtherIncomeExpenseNet": -17681000000, "discontinuedOperations": null, "netIncomeFromContinuingOps": -10254000000, "netIncomeApplicableToCommonShares": -10192000000}}, "quarterly": {"2022-06-25": {"researchDevelopment": null, "effectOfAccountingCharges": null, "incomeBeforeTax": 399000000, "minorityInterest": 206000000, "netIncome": 265000000, "sellingGeneralAdministrative": 758000000, "grossProfit": 1978000000, "ebit": 1220000000, "operatingIncome": 1220000000, "otherOperatingExpenses": null, "interestExpense": -234000000, "extraordinaryItems": null, "nonRecurring": null, "otherItems": null, "incomeTaxExpense": 134000000, "totalRevenue": 6554000000, "totalOperatingExpenses": 5334000000, "costOfRevenue": 4576000000, "totalOtherIncomeExpenseNet": -821000000, "discontinuedOperations": null, "netIncomeFromContinuingOps": 265000000, "netIncomeApplicableToCommonShares": 265000000}, "2022-03-26": {"researchDevelopment": null, "effectOfAccountingCharges": null, "incomeBeforeTax": 971000000, "minorityInterest": 200000000, "netIncome": 776000000, "sellingGeneralAdministrative": 854000000, "grossProfit": 2001000000, "ebit": 1147000000, "operatingIncome": 1147000000, "otherOperatingExpenses": null, "interestExpense": -242000000, "extraordinaryItems": null, "nonRecurring": null, "otherItems": null, "incomeTaxExpense": 190000000, "totalRevenue": 6045000000, "totalOperatingExpenses": 4898000000, "costOfRevenue": 4044000000, "totalOtherIncomeExpenseNet": -176000000, "discontinuedOperations": null, "netIncomeFromContinuingOps": 781000000, "netIncomeApplicableToCommonShares": 776000000}, "2021-12-25": {"researchDevelopment": 140000000, "effectOfAccountingCharges": null, "incomeBeforeTax": -520000000, "minorityInterest": 154000000, "netIncome": -257000000, "sellingGeneralAdministrative": 662000000, "grossProfit": 2171000000, "ebit": 1369000000, "operatingIncome": 1369000000, "otherOperatingExpenses": null, "interestExpense": -604000000, "extraordinaryItems": null, "nonRecurring": null, "otherItems": null, "incomeTaxExpense": -265000000, "totalRevenue": 6709000000, "totalOperatingExpenses": 5340000000, "costOfRevenue": 4538000000, "totalOtherIncomeExpenseNet": -1889000000, "discontinuedOperations": null, "netIncomeFromContinuingOps": -255000000, "netIncomeApplicableToCommonShares": -257000000}, "2021-09-25": {"researchDevelopment": 140000000, "effectOfAccountingCharges": null, "incomeBeforeTax": 879000000, "minorityInterest": 149000000, "netIncome": 733000000, "sellingGeneralAdministrative": 800000000, "grossProfit": 2028000000, "ebit": 1228000000, "operatingIncome": 1228000000, "otherOperatingExpenses": null, "interestExpense": -415000000, "extraordinaryItems": null, "nonRecurring": null, "otherItems": null, "incomeTaxExpense": 143000000, "totalRevenue": 6324000000, "totalOperatingExpenses": 5096000000, "costOfRevenue": 4296000000, "totalOtherIncomeExpenseNet": -349000000, "discontinuedOperations": null, "netIncomeFromContinuingOps": 736000000, "netIncomeApplicableToCommonShares": 733000000}}}, "cash": {"annual": {"2021-12-25": {"changeToLiabilities": 408000000, "totalCashflowsFromInvestingActivities": 4038000000, "netBorrowings": -6202000000, "totalCashFromFinancingActivities": -9344000000, "changeToOperatingActivities": 55000000, "netIncome": 1012000000, "changeInCash": 28000000, "effectOfExchangeRate": -30000000, "totalCashFromOperatingActivities": 5364000000, "depreciation": 910000000, "otherCashflowsFromInvestingActivities": 3000000, "dividendsPaid": -1959000000, "changeToInventory": -144000000, "changeToAccountReceivables": 87000000, "otherCashflowsFromFinancingActivities": -1183000000, "changeToNetincome": 3036000000, "capitalExpenditures": -905000000}, "2020-12-26": {"changeToLiabilities": 207000000, "totalCashflowsFromInvestingActivities": -522000000, "netBorrowings": -1197000000, "totalCashFromFinancingActivities": -3331000000, "changeToOperatingActivities": 526000000, "netIncome": 356000000, "changeInCash": 1138000000, "effectOfExchangeRate": 62000000, "totalCashFromOperatingActivities": 4929000000, "depreciation": 969000000, "otherCashflowsFromInvestingActivities": 74000000, "dividendsPaid": -1958000000, "changeToInventory": -249000000, "changeToAccountReceivables": -26000000, "otherCashflowsFromFinancingActivities": -176000000, "changeToNetincome": 3146000000, "capitalExpenditures": -596000000}, "2019-12-28": {"changeToLiabilities": -58000000, "totalCashflowsFromInvestingActivities": 1511000000, "netBorrowings": -1828000000, "totalCashFromFinancingActivities": -3913000000, "changeToOperatingActivities": -10000000, "netIncome": 1935000000, "changeInCash": 1144000000, "effectOfExchangeRate": -6000000, "totalCashFromOperatingActivities": 3552000000, "depreciation": 994000000, "otherCashflowsFromInvestingActivities": 603000000, "dividendsPaid": -1953000000, "changeToInventory": -307000000, "changeToAccountReceivables": 140000000, "otherCashflowsFromFinancingActivities": -132000000, "changeToNetincome": 858000000, "capitalExpenditures": -768000000}, "2018-12-29": {"changeToLiabilities": -23000000, "totalCashflowsFromInvestingActivities": 288000000, "netBorrowings": -152000000, "totalCashFromFinancingActivities": -3363000000, "changeToOperatingActivities": 491000000, "netIncome": -10192000000, "changeInCash": -633000000, "effectOfExchangeRate": -132000000, "totalCashFromOperatingActivities": 2574000000, "depreciation": 983000000, "otherCashflowsFromInvestingActivities": 1344000000, "dividendsPaid": -3183000000, "changeToInventory": -251000000, "changeToAccountReceivables": -2280000000, "otherCashflowsFromFinancingActivities": -28000000, "changeToNetincome": 13846000000, "capitalExpenditures": -826000000}}, "quarterly": {"2022-06-25": {"changeToLiabilities": 196000000, "totalCashflowsFromInvestingActivities": -452000000, "netBorrowings": -651000000, "totalCashFromFinancingActivities": -1237000000, "changeToOperatingActivities": -422000000, "netIncome": 265000000, "changeInCash": -1461000000, "effectOfExchangeRate": -74000000, "totalCashFromOperatingActivities": 302000000, "depreciation": 236000000, "otherCashflowsFromInvestingActivities": 9000000, "dividendsPaid": -490000000, "changeToInventory": -386000000, "changeToAccountReceivables": -99000000, "otherCashflowsFromFinancingActivities": -96000000, "changeToNetincome": 512000000, "capitalExpenditures": -221000000}, "2022-03-26": {"changeToLiabilities": 6000000, "totalCashflowsFromInvestingActivities": -469000000, "netBorrowings": -9000000, "totalCashFromFinancingActivities": -485000000, "changeToOperatingActivities": 27000000, "netIncome": 776000000, "changeInCash": -466000000, "effectOfExchangeRate": 2000000, "totalCashFromOperatingActivities": 486000000, "depreciation": 220000000, "otherCashflowsFromInvestingActivities": 6000000, "dividendsPaid": -490000000, "changeToInventory": -382000000, "changeToAccountReceivables": -123000000, "otherCashflowsFromFinancingActivities": 14000000, "changeToNetincome": -38000000, "capitalExpenditures": -214000000}, "2021-12-25": {"changeToLiabilities": 214000000, "totalCashflowsFromInvestingActivities": 1294000000, "netBorrowings": -2057000000, "totalCashFromFinancingActivities": -3011000000, "changeToOperatingActivities": 351000000, "netIncome": -257000000, "changeInCash": 1172000000, "effectOfExchangeRate": -27000000, "totalCashFromOperatingActivities": 2916000000, "depreciation": 233000000, "otherCashflowsFromInvestingActivities": 5000000, "dividendsPaid": -490000000, "changeToInventory": 120000000, "changeToAccountReceivables": -5000000, "otherCashflowsFromFinancingActivities": -464000000, "changeToNetincome": 2260000000, "capitalExpenditures": -250000000}, "2021-09-25": {"changeToLiabilities": -26000000, "totalCashflowsFromInvestingActivities": -283000000, "netBorrowings": -1055000000, "totalCashFromFinancingActivities": -1778000000, "changeToOperatingActivities": -615000000, "netIncome": 733000000, "changeInCash": -1668000000, "effectOfExchangeRate": -26000000, "totalCashFromOperatingActivities": 419000000, "depreciation": 228000000, "otherCashflowsFromInvestingActivities": -25000000, "dividendsPaid": -490000000, "changeToInventory": -37000000, "changeToAccountReceivables": 30000000, "otherCashflowsFromFinancingActivities": -233000000, "changeToNetincome": 106000000, "capitalExpenditures": -224000000}}}}, "ADM": {"balance": {"annual": {"2021-12-31": {"intangibleAssets": 2565000000, "totalLiab": 33369000000, "totalStockholderEquity": 22477000000, "minorityInterest": 290000000, "otherCurrentLiab": 11628000000, "totalAssets": 56136000000, "commonStock": 2994000000, "otherCurrentAssets": 10298000000, "retainedEarnings": 21655000000, "otherLiab": 2645000000, "goodWill": 4182000000, "treasuryStock": -2172000000, "otherAssets": 1072000000, "cash": 943000000, "totalCurrentLiabilities": 21948000000, "shortLongTermDebt": 570000000, "otherStockholderEquity": -2172000000, "propertyPlantEquipment": 10826000000, "totalCurrentAssets": 31909000000, "longTermInvestments": 5582000000, "netTangibleAssets": 15730000000, "netReceivables": 5771000000, "longTermDebt": 8011000000, "inventory": 14481000000, "accountsPayable": 6388000000}, "2020-12-31": {"intangibleAssets": 2134000000, "totalLiab": 29623000000, "totalStockholderEquity": 20000000000, "minorityInterest": 96000000, "otherCurrentLiab": 9696000000, "totalAssets": 49719000000, "commonStock": 2824000000, "otherCurrentAssets": 9572000000, "retainedEarnings": 19780000000, "otherLiab": 2693000000, "goodWill": 3451000000, "treasuryStock": -2604000000, "otherAssets": 876000000, "cash": 666000000, "totalCurrentLiabilities": 18182000000, "shortLongTermDebt": 17000000, "otherStockholderEquity": -2604000000, "propertyPlantEquipment": 10881000000, "totalCurrentAssets": 27286000000, "longTermInvestments": 5091000000, "netTangibleAssets": 14415000000, "netReceivables": 4984000000, "longTermDebt": 7885000000, "inventory": 11713000000, "accountsPayable": 4474000000}, "2019-12-31": {"intangibleAssets": 2091000000, "totalLiab": 24714000000, "totalStockholderEquity": 19208000000, "minorityInterest": 75000000, "otherCurrentLiab": 6397000000, "totalAssets": 43997000000, "commonStock": 2655000000, "otherCurrentAssets": 5352000000, "retainedEarnings": 18958000000, "otherLiab": 2527000000, "goodWill": 3385000000, "treasuryStock": -2405000000, "otherAssets": 965000000, "cash": 852000000, "totalCurrentLiabilities": 13734000000, "shortLongTermDebt": 50000000, "otherStockholderEquity": -2405000000, "propertyPlantEquipment": 11077000000, "totalCurrentAssets": 21347000000, "longTermInvestments": 5132000000, "netTangibleAssets": 13732000000, "netReceivables": 5652000000, "longTermDebt": 7672000000, "inventory": 9170000000, "accountsPayable": 3746000000}, "2018-12-31": {"intangibleAssets": 1545000000, "totalLiab": 21788000000, "totalStockholderEquity": 18981000000, "minorityInterest": 64000000, "otherCurrentLiab": 5870000000, "totalAssets": 40833000000, "commonStock": 2560000000, "otherCurrentAssets": 5371000000, "retainedEarnings": 18527000000, "otherLiab": 2314000000, "goodWill": 2496000000, "treasuryStock": -2106000000, "otherAssets": 934000000, "cash": 1997000000, "totalCurrentLiabilities": 11776000000, "shortLongTermDebt": 602000000, "otherStockholderEquity": -2106000000, "propertyPlantEquipment": 9953000000, "totalCurrentAssets": 20588000000, "longTermInvestments": 5317000000, "netTangibleAssets": 14940000000, "netReceivables": 4223000000, "longTermDebt": 7698000000, "inventory": 8813000000, "accountsPayable": 3545000000}}, "quarterly": {"2022-06-30": {"intangibleAssets": 6547000000, "totalLiab": 37141000000, "totalStockholderEquity": 24393000000, "minorityInterest": 294000000, "otherCurrentLiab": 14118000000, "totalAssets": 61828000000, "commonStock": 3066000000, "otherCurrentAssets": 13463000000, "retainedEarnings": 23292000000, "otherLiab": 2681000000, "treasuryStock": -1965000000, "otherAssets": 1022000000, "cash": 906000000, "totalCurrentLiabilities": 25660000000, "shortLongTermDebt": 1104000000, "otherStockholderEquity": -1965000000, "propertyPlantEquipment": 10682000000, "totalCurrentAssets": 37647000000, "longTermInvestments": 5930000000, "netTangibleAssets": 17846000000, "netReceivables": 8309000000, "longTermDebt": 8062000000, "inventory": 14485000000, "accountsPayable": 5601000000}, "2022-03-31": {"intangibleAssets": 6750000000, "totalLiab": 40849000000, "totalStockholderEquity": 23722000000, "minorityInterest": 295000000, "otherCurrentLiab": 15848000000, "totalAssets": 64866000000, "commonStock": 3028000000, "otherCurrentAssets": 14352000000, "retainedEarnings": 22483000000, "otherLiab": 2835000000, "treasuryStock": -1789000000, "otherAssets": 1032000000, "cash": 1079000000, "totalCurrentLiabilities": 28523000000, "shortLongTermDebt": 544000000, "otherStockholderEquity": -1789000000, "propertyPlantEquipment": 10793000000, "totalCurrentAssets": 40453000000, "longTermInvestments": 5838000000, "netTangibleAssets": 16972000000, "netReceivables": 7288000000, "longTermDebt": 8752000000, "inventory": 17290000000, "accountsPayable": 6135000000}, "2021-12-31": {"intangibleAssets": 2565000000, "totalLiab": 33369000000, "totalStockholderEquity": 22477000000, "minorityInterest": 290000000, "otherCurrentLiab": 11628000000, "totalAssets": 56136000000, "commonStock": 2994000000, "otherCurrentAssets": 10298000000, "retainedEarnings": 21655000000, "otherLiab": 2645000000, "goodWill": 4182000000, "treasuryStock": -2172000000, "otherAssets": 1072000000, "cash": 943000000, "totalCurrentLiabilities": 21948000000, "shortLongTermDebt": 570000000, "otherStockholderEquity": -2172000000, "propertyPlantEquipment": 10826000000, "totalCurrentAssets": 31909000000, "longTermInvestments": 5582000000, "netTangibleAssets": 15730000000, "netReceivables": 5771000000, "longTermDebt": 8011000000, "inventory": 14481000000, "accountsPayable": 6388000000}, "2021-09-30": {"intangibleAssets": 5705000000, "totalLiab": 30083000000, "totalStockholderEquity": 21969000000, "minorityInterest": 246000000, "otherCurrentLiab": 11061000000, "totalAssets": 52298000000, "commonStock": 2964000000, "otherCurrentAssets": 10537000000, "retainedEarnings": 21081000000, "otherLiab": 2709000000, "treasuryStock": -2076000000, "otherAssets": 1302000000, "cash": 1083000000, "totalCurrentLiabilities": 18576000000, "shortLongTermDebt": 582000000, "otherStockholderEquity": -2076000000, "propertyPlantEquipment": 10853000000, "totalCurrentAssets": 29290000000, "longTermInvestments": 5148000000, "netTangibleAssets": 16264000000, "netReceivables": 6118000000, "longTermDebt": 8039000000, "inventory": 11169000000, "accountsPayable": 4617000000}}}, "income": {"annual": {"2021-12-31": {"researchDevelopment": null, "effectOfAccountingCharges": null, "incomeBeforeTax": 3313000000, "minorityInterest": 290000000, "netIncome": 2709000000, "sellingGeneralAdministrative": 3006000000, "grossProfit": 5987000000, "ebit": 2938000000, "operatingIncome": 2938000000, "otherOperatingExpenses": 11000000, "interestExpense": -265000000, "extraordinaryItems": null, "nonRecurring": null, "otherItems": null, "incomeTaxExpense": 578000000, "totalRevenue": 85249000000, "totalOperatingExpenses": 82311000000, "costOfRevenue": 79262000000, "totalOtherIncomeExpenseNet": 375000000, "discontinuedOperations": null, "netIncomeFromContinuingOps": 2735000000, "netIncomeApplicableToCommonShares": 2709000000}, "2020-12-31": {"researchDevelopment": null, "effectOfAccountingCharges": null, "incomeBeforeTax": 1883000000, "minorityInterest": 96000000, "netIncome": 1772000000, "sellingGeneralAdministrative": 2591000000, "grossProfit": 4453000000, "ebit": 1806000000, "operatingIncome": 1806000000, "otherOperatingExpenses": 9000000, "interestExpense": -339000000, "extraordinaryItems": null, "nonRecurring": null, "otherItems": null, "incomeTaxExpense": 101000000, "totalRevenue": 64355000000, "totalOperatingExpenses": 62549000000, "costOfRevenue": 59902000000, "totalOtherIncomeExpenseNet": 77000000, "discontinuedOperations": null, "netIncomeFromContinuingOps": 1782000000, "netIncomeApplicableToCommonShares": 1772000000}, "2019-12-31": {"researchDevelopment": null, "effectOfAccountingCharges": null, "incomeBeforeTax": 1588000000, "minorityInterest": 75000000, "netIncome": 1379000000, "sellingGeneralAdministrative": 2519000000, "grossProfit": 4147000000, "ebit": 1587000000, "operatingIncome": 1587000000, "otherOperatingExpenses": 18000000, "interestExpense": -402000000, "extraordinaryItems": null, "nonRecurring": null, "otherItems": null, "incomeTaxExpense": 209000000, "totalRevenue": 64656000000, "totalOperatingExpenses": 63069000000, "costOfRevenue": 60509000000, "totalOtherIncomeExpenseNet": 1000000, "discontinuedOperations": null, "netIncomeFromContinuingOps": 1379000000, "netIncomeApplicableToCommonShares": 1379000000}, "2018-12-31": {"researchDevelopment": null, "effectOfAccountingCharges": null, "incomeBeforeTax": 2060000000, "minorityInterest": 64000000, "netIncome": 1810000000, "sellingGeneralAdministrative": 2213000000, "grossProfit": 4181000000, "ebit": 1924000000, "operatingIncome": 1924000000, "otherOperatingExpenses": 18000000, "interestExpense": -364000000, "extraordinaryItems": null, "nonRecurring": null, "otherItems": null, "incomeTaxExpense": 245000000, "totalRevenue": 64341000000, "totalOperatingExpenses": 62417000000, "costOfRevenue": 60160000000, "totalOtherIncomeExpenseNet": 136000000, "discontinuedOperations": null, "netIncomeFromContinuingOps": 1815000000, "netIncomeApplicableToCommonShares": 1810000000}}, "quarterly": {"2022-06-30": {"researchDevelopment": null, "effectOfAccountingCharges": null, "incomeBeforeTax": 1519000000, "minorityInterest": 294000000, "netIncome": 1236000000, "sellingGeneralAdministrative": 783000000, "grossProfit": 2100000000, "ebit": 1292000000, "operatingIncome": 1292000000, "otherOperatingExpenses": 3000000, "interestExpense": -73000000, "extraordinaryItems": null, "nonRecurring": null, "otherItems": null, "incomeTaxExpense": 279000000, "totalRevenue": 27284000000, "totalOperatingExpenses": 25992000000, "costOfRevenue": 25184000000, "totalOtherIncomeExpenseNet": 227000000, "discontinuedOperations": null, "netIncomeFromContinuingOps": 1240000000, "netIncomeApplicableToCommonShares": 1236000000}, "2022-03-31": {"researchDevelopment": null, "effectOfAccountingCharges": null, "incomeBeforeTax": 1271000000, "minorityInterest": 295000000, "netIncome": 1054000000, "sellingGeneralAdministrative": 796000000, "grossProfit": 1897000000, "ebit": 1074000000, "operatingIncome": 1074000000, "otherOperatingExpenses": 5000000, "interestExpense": -92000000, "extraordinaryItems": null, "nonRecurring": null, "otherItems": null, "incomeTaxExpense": 207000000, "totalRevenue": 23650000000, "totalOperatingExpenses": 22576000000, "costOfRevenue": 21753000000, "totalOtherIncomeExpenseNet": 197000000, "discontinuedOperations": null, "netIncomeFromContinuingOps": 1064000000, "netIncomeApplicableToCommonShares": 1054000000}, "2021-12-31": {"researchDevelopment": null, "effectOfAccountingCharges": null, "incomeBeforeTax": 1011000000, "minorityInterest": 290000000, "netIncome": 782000000, "sellingGeneralAdministrative": 744000000, "grossProfit": 1650000000, "ebit": 880000000, "operatingIncome": 880000000, "otherOperatingExpenses": 3000000, "interestExpense": -77000000, "extraordinaryItems": null, "nonRecurring": null, "otherItems": null, "incomeTaxExpense": 214000000, "totalRevenue": 23090000000, "totalOperatingExpenses": 22210000000, "costOfRevenue": 21440000000, "totalOtherIncomeExpenseNet": 131000000, "discontinuedOperations": null, "netIncomeFromContinuingOps": 797000000, "netIncomeApplicableToCommonShares": 782000000}, "2021-09-30": {"researchDevelopment": null, "effectOfAccountingCharges": null, "incomeBeforeTax": 653000000, "minorityInterest": 246000000, "netIncome": 526000000, "sellingGeneralAdministrative": 717000000, "grossProfit": 1326000000, "ebit": 606000000, "operatingIncome": 606000000, "otherOperatingExpenses": 2000000, "interestExpense": -61000000, "extraordinaryItems": null, "nonRecurring": null, "otherItems": null, "incomeTaxExpense": 120000000, "totalRevenue": 20340000000, "totalOperatingExpenses": 19734000000, "costOfRevenue": 19014000000, "totalOtherIncomeExpenseNet": 47000000, "discontinuedOperations": null, "netIncomeFromContinuingOps": 533000000, "netIncomeApplicableToCommonShares": 526000000}}}, "cash": {"annual": {"2021-12-31": {"investments": -33000000, "changeToLiabilities": 1919000000, "totalCashflowsFromInvestingActivities": -2669000000, "netBorrowings": -290000000, "totalCashFromFinancingActivities": -1118000000, "changeToOperatingActivities": 4152000000, "netIncome": 2709000000, "changeInCash": 2808000000, "totalCashFromOperatingActivities": 6595000000, "depreciation": 996000000, "otherCashflowsFromInvestingActivities": -148000000, "dividendsPaid": -834000000, "changeToInventory": -2839000000, "changeToAccountReceivables": -578000000, "otherCashflowsFromFinancingActivities": 6000000, "changeToNetincome": 236000000, "capitalExpenditures": -1169000000}, "2020-12-31": {"investments": -1000000, "changeToLiabilities": 694000000, "totalCashflowsFromInvestingActivities": 4465000000, "netBorrowings": 492000000, "totalCashFromFinancingActivities": -423000000, "changeToOperatingActivities": -3634000000, "netIncome": 1772000000, "changeInCash": 1656000000, "repurchaseOfStock": -133000000, "totalCashFromOperatingActivities": -2386000000, "depreciation": 976000000, "otherCashflowsFromInvestingActivities": -27000000, "dividendsPaid": -809000000, "changeToInventory": -2426000000, "changeToAccountReceivables": -149000000, "otherCashflowsFromFinancingActivities": 27000000, "changeToNetincome": 381000000, "capitalExpenditures": -823000000}, "2019-12-31": {"investments": 64000000, "changeToLiabilities": -64000000, "totalCashflowsFromInvestingActivities": 5259000000, "netBorrowings": 301000000, "totalCashFromFinancingActivities": -660000000, "changeToOperatingActivities": -7940000000, "netIncome": 1379000000, "changeInCash": -853000000, "repurchaseOfStock": -150000000, "totalCashFromOperatingActivities": -5452000000, "depreciation": 993000000, "otherCashflowsFromInvestingActivities": -5000000, "dividendsPaid": -789000000, "changeToInventory": -21000000, "changeToAccountReceivables": 287000000, "otherCashflowsFromFinancingActivities": -22000000, "changeToNetincome": -86000000, "capitalExpenditures": -828000000}, "2018-12-31": {"investments": -144000000, "changeToLiabilities": -300000000, "totalCashflowsFromInvestingActivities": 6582000000, "netBorrowings": 989000000, "totalCashFromFinancingActivities": 187000000, "changeToOperatingActivities": -7006000000, "netIncome": 1810000000, "changeInCash": 1985000000, "repurchaseOfStock": -77000000, "totalCashFromOperatingActivities": -4784000000, "depreciation": 941000000, "otherCashflowsFromInvestingActivities": 3000000, "dividendsPaid": -758000000, "changeToInventory": 226000000, "changeToAccountReceivables": -376000000, "otherCashflowsFromFinancingActivities": 33000000, "changeToNetincome": -79000000, "capitalExpenditures": -842000000}}, "quarterly": {"2022-06-30": {"investments": -22000000, "changeToLiabilities": -465000000, "totalCashflowsFromInvestingActivities": -305000000, "netBorrowings": -1409000000, "totalCashFromFinancingActivities": -1827000000, "changeToOperatingActivities": -1920000000, "netIncome": 1236000000, "changeInCash": -1601000000, "repurchaseOfStock": -200000000, "totalCashFromOperatingActivities": 531000000, "depreciation": 257000000, "otherCashflowsFromInvestingActivities": -7000000, "dividendsPaid": -227000000, "changeToInventory": 2532000000, "changeToAccountReceivables": -1218000000, "otherCashflowsFromFinancingActivities": 9000000, "changeToNetincome": 109000000, "capitalExpenditures": -283000000}, "2022-03-31": {"investments": -36000000, "changeToLiabilities": -245000000, "totalCashflowsFromInvestingActivities": -342000000, "netBorrowings": 3574000000, "totalCashFromFinancingActivities": 3318000000, "changeToOperatingActivities": 1241000000, "netIncome": 1054000000, "changeInCash": 1770000000, "repurchaseOfStock": -200000000, "totalCashFromOperatingActivities": -1206000000, "depreciation": 257000000, "otherCashflowsFromInvestingActivities": -94000000, "dividendsPaid": -226000000, "changeToInventory": -2881000000, "changeToAccountReceivables": -937000000, "otherCashflowsFromFinancingActivities": -30000000, "changeToNetincome": 305000000, "capitalExpenditures": -217000000}, "2021-12-31": {"investments": -31000000, "changeToLiabilities": 1749000000, "totalCashflowsFromInvestingActivities": -1382000000, "netBorrowings": 639000000, "totalCashFromFinancingActivities": 436000000, "changeToOperatingActivities": 904000000, "netIncome": 782000000, "changeInCash": -204000000, "repurchaseOfStock": -200000000, "totalCashFromOperatingActivities": 742000000, "depreciation": 257000000, "otherCashflowsFromInvestingActivities": -5000000, "dividendsPaid": -208000000, "changeToInventory": -3244000000, "changeToAccountReceivables": 482000000, "otherCashflowsFromFinancingActivities": 5000000, "changeToNetincome": -188000000, "capitalExpenditures": -455000000}, "2021-09-30": {"investments": 1000000, "changeToLiabilities": 1193000000, "totalCashflowsFromInvestingActivities": -893000000, "netBorrowings": -770000000, "totalCashFromFinancingActivities": -978000000, "changeToOperatingActivities": 933000000, "netIncome": 526000000, "changeInCash": 975000000, "repurchaseOfStock": -200000000, "totalCashFromOperatingActivities": 2846000000, "depreciation": 247000000, "otherCashflowsFromInvestingActivities": -126000000, "dividendsPaid": -209000000, "changeToInventory": 182000000, "changeToAccountReceivables": -350000000, "otherCashflowsFromFinancingActivities": 1000000, "changeToNetincome": 115000000, "capitalExpenditures": -287000000}}}}, "GIS": {"balance": {"annual": {"2022-05-29": {"intangibleAssets": 6999900000, "capitalSurplus": 1182900000, "totalLiab": 20302100000, "totalStockholderEquity": 10542400000, "minorityInterest": 245600000, "otherCurrentLiab": 465200000, "totalAssets": 31090100000, "commonStock": 75500000, "otherCurrentAssets": 314900000, "retainedEarnings": 18532600000, "otherLiab": 2899100000, "goodWill": 14378500000, "treasuryStock": -9248600000, "otherAssets": 377500000, "cash": 569400000, "totalCurrentLiabilities": 8019900000, "shortLongTermDebt": 1673400000, "otherStockholderEquity": -1970500000, "propertyPlantEquipment": 3730600000, "totalCurrentAssets": 5089800000, "longTermInvestments": 513800000, "netTangibleAssets": -10836000000, "shortTermInvestments": 249800000, "netReceivables": 1874900000, "longTermDebt": 9134400000, "inventory": 1867300000, "accountsPayable": 3982300000}, "2021-05-30": {"intangibleAssets": 7150600000, "capitalSurplus": 1365500000, "totalLiab": 21463800000, "totalStockholderEquity": 9470400000, "minorityInterest": 907700000, "otherCurrentLiab": 580700000, "totalAssets": 31841900000, "commonStock": 75500000, "otherCurrentAssets": 69500000, "retainedEarnings": 17069800000, "otherLiab": 3127900000, "goodWill": 14062400000, "treasuryStock": -9040400000, "otherAssets": 322600000, "cash": 1505200000, "totalCurrentLiabilities": 8265800000, "shortLongTermDebt": 2463800000, "otherStockholderEquity": -2429200000, "propertyPlantEquipment": 3985400000, "totalCurrentAssets": 5754500000, "longTermInvestments": 566400000, "netTangibleAssets": -11742600000, "shortTermInvestments": 360000000, "netReceivables": 1777600000, "longTermDebt": 9786900000, "inventory": 1820500000, "accountsPayable": 3653500000}, "2020-05-31": {"intangibleAssets": 7095800000, "capitalSurplus": 1348600000, "totalLiab": 21912600000, "totalStockholderEquity": 8058500000, "minorityInterest": 835600000, "otherCurrentLiab": 457700000, "totalAssets": 30806700000, "commonStock": 75500000, "otherCurrentAssets": 122400000, "retainedEarnings": 15982100000, "otherLiab": 3215100000, "goodWill": 13923200000, "treasuryStock": -9347700000, "otherAssets": 153900000, "cash": 1677800000, "totalCurrentLiabilities": 7491500000, "shortLongTermDebt": 2331500000, "otherStockholderEquity": -2914400000, "propertyPlantEquipment": 3945800000, "totalCurrentAssets": 5121300000, "longTermInvestments": 566700000, "netTangibleAssets": -12960500000, "netReceivables": 1700300000, "longTermDebt": 10929000000, "inventory": 1426300000, "accountsPayable": 3247700000}, "2019-05-26": {"intangibleAssets": 7166800000, "capitalSurplus": 1386700000, "totalLiab": 22191800000, "totalStockholderEquity": 7054500000, "minorityInterest": 864900000, "otherCurrentLiab": 445300000, "totalAssets": 30111200000, "commonStock": 75500000, "otherCurrentAssets": 58300000, "retainedEarnings": 14996700000, "otherLiab": 3479900000, "goodWill": 13995800000, "treasuryStock": -9404400000, "otherAssets": 522000000, "cash": 450000000, "totalCurrentLiabilities": 7087100000, "shortLongTermDebt": 1396500000, "otherStockholderEquity": -2625400000, "propertyPlantEquipment": 3787200000, "totalCurrentAssets": 4186500000, "longTermInvestments": 452900000, "netTangibleAssets": -14108100000, "netReceivables": 1929900000, "longTermDebt": 11624800000, "inventory": 1559300000, "accountsPayable": 2854100000}}, "quarterly": {"2022-05-29": {"intangibleAssets": 6999900000, "capitalSurplus": 1182900000, "totalLiab": 20302100000, "totalStockholderEquity": 10542400000, "minorityInterest": 245600000, "otherCurrentLiab": 465200000, "totalAssets": 31090100000, "commonStock": 75500000, "otherCurrentAssets": 314900000, "retainedEarnings": 18532600000, "otherLiab": 2899100000, "goodWill": 14378500000, "treasuryStock": -9248600000, "otherAssets": 377500000, "cash": 569400000, "totalCurrentLiabilities": 8019900000, "shortLongTermDebt": 1673400000, "otherStockholderEquity": -1970500000, "propertyPlantEquipment": 3730600000, "totalCurrentAssets": 5089800000, "longTermInvestments": 513800000, "netTangibleAssets": -10836000000, "shortTermInvestments": 249800000, "netReceivables": 1874900000, "longTermDebt": 9134400000, "inventory": 1867300000, "accountsPayable": 3982300000}, "2022-02-27": {"intangibleAssets": 7010900000, "capitalSurplus": 1162300000, "totalLiab": 21068100000, "totalStockholderEquity": 9812900000, "minorityInterest": 262800000, "otherCurrentLiab": 2039400000, "totalAssets": 31143800000, "commonStock": 75500000, "retainedEarnings": 17713100000, "otherLiab": 3284400000, "goodWill": 14546700000, "treasuryStock": -9138000000, "otherAssets": 1269700000, "cash": 844400000, "totalCurrentLiabilities": 6839000000, "shortLongTermDebt": 600700000, "otherStockholderEquity": -2122700000, "propertyPlantEquipment": 3287900000, "totalCurrentAssets": 5028600000, "netTangibleAssets": -11744700000, "netReceivables": 1750400000, "longTermDebt": 10944700000, "inventory": 1710000000, "accountsPayable": 3474600000}, "2021-11-28": {"intangibleAssets": 6813900000, "capitalSurplus": 1365100000, "totalLiab": 22115300000, "totalStockholderEquity": 9524500000, "minorityInterest": 841800000, "otherCurrentLiab": 2664500000, "totalAssets": 32481600000, "commonStock": 75500000, "otherCurrentAssets": 1263200000, "retainedEarnings": 17363200000, "otherLiab": 3328500000, "goodWill": 14523200000, "treasuryStock": -9279300000, "otherAssets": 1240600000, "cash": 1021000000, "totalCurrentLiabilities": 7813200000, "shortLongTermDebt": 600700000, "otherStockholderEquity": -2364100000, "propertyPlantEquipment": 3291500000, "totalCurrentAssets": 6612400000, "netTangibleAssets": -11812600000, "netReceivables": 1766100000, "longTermDebt": 10973600000, "inventory": 1797300000, "accountsPayable": 3450000000}, "2021-08-29": {"intangibleAssets": 6831000000, "capitalSurplus": 1345000000, "totalLiab": 21762400000, "totalStockholderEquity": 9692300000, "minorityInterest": 877500000, "otherCurrentLiab": 2221400000, "totalAssets": 32332200000, "commonStock": 75500000, "otherCurrentAssets": 1248400000, "retainedEarnings": 17384500000, "otherLiab": 3300100000, "goodWill": 14549900000, "treasuryStock": -9112700000, "otherAssets": 1287900000, "cash": 710600000, "totalCurrentLiabilities": 8135400000, "shortLongTermDebt": 1590500000, "otherStockholderEquity": -2397700000, "propertyPlantEquipment": 3343200000, "totalCurrentAssets": 6320200000, "netTangibleAssets": -11688600000, "netReceivables": 1691700000, "longTermDebt": 10326900000, "inventory": 1935200000, "accountsPayable": 3288000000}}}, "income": {"annual": {"2022-05-29": {"researchDevelopment": null, "effectOfAccountingCharges": null, "incomeBeforeTax": 3321300000, "minorityInterest": 245600000, "netIncome": 2707300000, "sellingGeneralAdministrative": 3011200000, "grossProfit": 6405500000, "ebit": 3394300000, "operatingIncome": 3394300000, "otherOperatingExpenses": null, "interestExpense": -383400000, "extraordinaryItems": null, "nonRecurring": null, "otherItems": null, "incomeTaxExpense": 586300000, "totalRevenue": 18992800000, "totalOperatingExpenses": 15598500000, "costOfRevenue": 12587300000, "totalOtherIncomeExpenseNet": -73000000, "discontinuedOperations": null, "netIncomeFromContinuingOps": 2735000000, "netIncomeApplicableToCommonShares": 2707300000}, "2021-05-30": {"researchDevelopment": null, "effectOfAccountingCharges": null, "incomeBeforeTax": 2975100000, "minorityInterest": 907700000, "netIncome": 2339800000, "sellingGeneralAdministrative": 2946700000, "grossProfit": 6450600000, "ebit": 3503900000, "operatingIncome": 3503900000, "otherOperatingExpenses": null, "interestExpense": -427700000, "extraordinaryItems": null, "nonRecurring": null, "otherItems": null, "incomeTaxExpense": 629100000, "totalRevenue": 18127000000, "totalOperatingExpenses": 14623100000, "costOfRevenue": 11676400000, "totalOtherIncomeExpenseNet": -528800000, "discontinuedOperations": null, "netIncomeFromContinuingOps": 2346000000, "netIncomeApplicableToCommonShares": 2339800000}, "2020-05-31": {"researchDevelopment": null, "effectOfAccountingCharges": null, "incomeBeforeTax": 2691300000, "minorityInterest": 835600000, "netIncome": 2181200000, "sellingGeneralAdministrative": 3038800000, "grossProfit": 6157200000, "ebit": 3118400000, "operatingIncome": 3118400000, "otherOperatingExpenses": null, "interestExpense": -472500000, "extraordinaryItems": null, "nonRecurring": null, "otherItems": null, "incomeTaxExpense": 480500000, "totalRevenue": 17626600000, "totalOperatingExpenses": 14508200000, "costOfRevenue": 11469400000, "totalOtherIncomeExpenseNet": -427100000, "discontinuedOperations": null, "netIncomeFromContinuingOps": 2210800000, "netIncomeApplicableToCommonShares": 2181200000}, "2019-05-26": {"researchDevelopment": null, "effectOfAccountingCharges": null, "incomeBeforeTax": 2154000000, "minorityInterest": 864900000, "netIncome": 1752700000, "sellingGeneralAdministrative": 2847900000, "grossProfit": 5768000000, "ebit": 2920100000, "operatingIncome": 2920100000, "otherOperatingExpenses": null, "interestExpense": -527400000, "extraordinaryItems": null, "nonRecurring": null, "otherItems": null, "incomeTaxExpense": 367800000, "totalRevenue": 16865200000, "totalOperatingExpenses": 13945100000, "costOfRevenue": 11097200000, "totalOtherIncomeExpenseNet": -766100000, "discontinuedOperations": null, "netIncomeFromContinuingOps": 1786200000, "netIncomeApplicableToCommonShares": 1752700000}}, "quarterly": {"2022-05-29": {"researchDevelopment": null, "effectOfAccountingCharges": null, "incomeBeforeTax": 960300000, "minorityInterest": 245600000, "netIncome": 822800000, "sellingGeneralAdministrative": 757800000, "grossProfit": 1770400000, "ebit": 992200000, "operatingIncome": 992200000, "otherOperatingExpenses": 20400000, "interestExpense": -108300000, "extraordinaryItems": null, "nonRecurring": null, "otherItems": null, "incomeTaxExpense": 134500000, "totalRevenue": 4891200000, "totalOperatingExpenses": 3899000000, "costOfRevenue": 3120800000, "totalOtherIncomeExpenseNet": -31900000, "discontinuedOperations": null, "netIncomeFromContinuingOps": 825800000, "netIncomeApplicableToCommonShares": 822800000}, "2022-02-27": {"researchDevelopment": null, "effectOfAccountingCharges": null, "incomeBeforeTax": 785800000, "minorityInterest": 262800000, "netIncome": 660300000, "sellingGeneralAdministrative": 719800000, "grossProfit": 1405900000, "ebit": 685900000, "operatingIncome": 685900000, "otherOperatingExpenses": 200000, "interestExpense": -86500000, "extraordinaryItems": null, "nonRecurring": null, "otherItems": null, "incomeTaxExpense": 123200000, "totalRevenue": 4537700000, "totalOperatingExpenses": 3851800000, "costOfRevenue": 3131800000, "totalOtherIncomeExpenseNet": 99900000, "discontinuedOperations": null, "netIncomeFromContinuingOps": 662600000, "netIncomeApplicableToCommonShares": 660300000}, "2021-11-28": {"researchDevelopment": null, "effectOfAccountingCharges": null, "incomeBeforeTax": 768100000, "minorityInterest": 841800000, "netIncome": 597200000, "sellingGeneralAdministrative": 797600000, "grossProfit": 1631600000, "ebit": 834000000, "operatingIncome": 834000000, "otherOperatingExpenses": 200000, "interestExpense": -92700000, "extraordinaryItems": null, "nonRecurring": null, "otherItems": null, "incomeTaxExpense": 159700000, "totalRevenue": 5024000000, "totalOperatingExpenses": 4190000000, "costOfRevenue": 3392400000, "totalOtherIncomeExpenseNet": -65900000, "discontinuedOperations": null, "netIncomeFromContinuingOps": 608400000, "netIncomeApplicableToCommonShares": 597200000}, "2021-08-29": {"researchDevelopment": null, "effectOfAccountingCharges": null, "incomeBeforeTax": 807100000, "minorityInterest": 877500000, "netIncome": 627000000, "sellingGeneralAdministrative": 727800000, "grossProfit": 1597600000, "ebit": 869800000, "operatingIncome": 869800000, "otherOperatingExpenses": 200000, "interestExpense": -95900000, "extraordinaryItems": null, "nonRecurring": null, "otherItems": null, "incomeTaxExpense": 168900000, "totalRevenue": 4539900000, "totalOperatingExpenses": 3670100000, "costOfRevenue": 2942300000, "totalOtherIncomeExpenseNet": -62700000, "discontinuedOperations": null, "netIncomeFromContinuingOps": 638200000, "netIncomeApplicableToCommonShares": 627000000}}}, "cash": {"annual": {"2022-05-29": {"investments": 15400000, "changeToLiabilities": 456700000, "totalCashflowsFromInvestingActivities": -1690700000, "netBorrowings": -385800000, "totalCashFromFinancingActivities": -2503200000, "changeToOperatingActivities": 72800000, "issuanceOfStock": 161700000, "netIncome": 2707300000, "changeInCash": -935800000, "repurchaseOfStock": -876800000, "effectOfExchangeRate": -58000000, "totalCashFromOperatingActivities": 3316100000, "depreciation": 570300000, "otherCashflowsFromInvestingActivities": -13500000, "dividendsPaid": -1244500000, "changeToInventory": -85800000, "changeToAccountReceivables": -166300000, "otherCashflowsFromFinancingActivities": -157800000, "changeToNetincome": -238900000, "capitalExpenditures": -568700000}, "2021-05-30": {"investments": 15500000, "changeToLiabilities": 343100000, "totalCashflowsFromInvestingActivities": -512800000, "netBorrowings": -960800000, "totalCashFromFinancingActivities": -2715500000, "changeToOperatingActivities": -172200000, "issuanceOfStock": 74300000, "netIncome": 2339800000, "changeInCash": -172600000, "repurchaseOfStock": -301400000, "effectOfExchangeRate": 72500000, "totalCashFromOperatingActivities": 2983200000, "depreciation": 601300000, "otherCashflowsFromInvestingActivities": -3100000, "dividendsPaid": -1246400000, "changeToInventory": -354700000, "changeToAccountReceivables": 27900000, "otherCashflowsFromFinancingActivities": -281200000, "changeToNetincome": 198000000, "capitalExpenditures": -530800000}, "2020-05-31": {"investments": -48000000, "changeToLiabilities": 392500000, "totalCashflowsFromInvestingActivities": -486200000, "netBorrowings": -917200000, "totalCashFromFinancingActivities": -1941500000, "changeToOperatingActivities": 260400000, "issuanceOfStock": 263400000, "netIncome": 2181200000, "changeInCash": 1227800000, "repurchaseOfStock": -3400000, "effectOfExchangeRate": -20700000, "totalCashFromOperatingActivities": 3676200000, "depreciation": 594700000, "otherCashflowsFromInvestingActivities": 20900000, "dividendsPaid": -1195800000, "changeToInventory": 103100000, "changeToAccountReceivables": 37900000, "otherCashflowsFromFinancingActivities": -88500000, "changeToNetincome": 106400000, "capitalExpenditures": -460800000}, "2019-05-26": {"investments": 100000, "changeToLiabilities": 162400000, "totalCashflowsFromInvestingActivities": -556500000, "netBorrowings": -1221000000, "totalCashFromFinancingActivities": -2176400000, "changeToOperatingActivities": -180900000, "issuanceOfStock": 241400000, "netIncome": 1752700000, "changeInCash": 51000000, "repurchaseOfStock": -1100000, "effectOfExchangeRate": -23100000, "totalCashFromOperatingActivities": 2807000000, "depreciation": 620100000, "otherCashflowsFromInvestingActivities": -59700000, "dividendsPaid": -1181700000, "changeToInventory": 53700000, "changeToAccountReceivables": -42700000, "otherCashflowsFromFinancingActivities": -14000000, "changeToNetincome": 441700000, "capitalExpenditures": -537600000}}, "quarterly": {"2022-05-29": {"investments": -14700000, "changeToLiabilities": 470700000, "totalCashflowsFromInvestingActivities": -228900000, "netBorrowings": -514300000, "totalCashFromFinancingActivities": -1105700000, "changeToOperatingActivities": -144700000, "issuanceOfStock": 65500000, "netIncome": 822800000, "changeInCash": -275000000, "repurchaseOfStock": -326300000, "effectOfExchangeRate": -28400000, "totalCashFromOperatingActivities": 1088000000, "depreciation": 139700000, "otherCashflowsFromInvestingActivities": -25800000, "dividendsPaid": -310400000, "changeToInventory": -188300000, "changeToAccountReceivables": 48200000, "otherCashflowsFromFinancingActivities": -20200000, "changeToNetincome": -60400000, "capitalExpenditures": -218100000}, "2022-02-27": {"investments": 25300000, "changeToLiabilities": 14400000, "totalCashflowsFromInvestingActivities": -65800000, "netBorrowings": -439000000, "totalCashFromFinancingActivities": -970300000, "changeToOperatingActivities": 49700000, "issuanceOfStock": 70100000, "netIncome": 660300000, "changeInCash": -300300000, "repurchaseOfStock": -175500000, "effectOfExchangeRate": 5500000, "totalCashFromOperatingActivities": 730300000, "depreciation": 143700000, "otherCashflowsFromInvestingActivities": -8300000, "dividendsPaid": -310900000, "changeToInventory": 93300000, "changeToAccountReceivables": 22800000, "otherCashflowsFromFinancingActivities": -115000000, "changeToNetincome": -253900000, "capitalExpenditures": -126300000}, "2021-11-28": {"investments": -900000, "changeToLiabilities": 186500000, "totalCashflowsFromInvestingActivities": -98100000, "netBorrowings": -101300000, "totalCashFromFinancingActivities": -622200000, "changeToOperatingActivities": 81000000, "issuanceOfStock": 18200000, "netIncome": 597200000, "changeInCash": 390700000, "repurchaseOfStock": -224900000, "effectOfExchangeRate": -17000000, "totalCashFromOperatingActivities": 1128000000, "depreciation": 141100000, "otherCashflowsFromInvestingActivities": 21900000, "dividendsPaid": -310900000, "changeToInventory": 125300000, "changeToAccountReceivables": -92000000, "otherCashflowsFromFinancingActivities": -3300000, "changeToNetincome": 88900000, "capitalExpenditures": -120300000}, "2021-08-29": {"investments": 5700000, "changeToLiabilities": -214900000, "totalCashflowsFromInvestingActivities": -1297900000, "netBorrowings": 668800000, "totalCashFromFinancingActivities": 195000000, "changeToOperatingActivities": 86800000, "issuanceOfStock": 7900000, "netIncome": 627000000, "changeInCash": -751200000, "repurchaseOfStock": -150100000, "effectOfExchangeRate": -18100000, "totalCashFromOperatingActivities": 369800000, "depreciation": 145800000, "otherCashflowsFromInvestingActivities": -1300000, "dividendsPaid": -312300000, "changeToInventory": -116100000, "changeToAccountReceivables": -145300000, "otherCashflowsFromFinancingActivities": -19300000, "changeToNetincome": -13500000, "capitalExpenditures": -104000000}}}}, "STZ": {"balance": {"annual": {"2022-02-28": {"intangibleAssets": 2755200000, "capitalSurplus": 1808900000, "totalLiab": 13808000000, "totalStockholderEquity": 11731900000, "minorityInterest": 315900000, "otherCurrentLiab": 232600000, "totalAssets": 25855800000, "commonStock": 2200000, "otherCurrentAssets": 183800000, "retainedEarnings": 14505400000, "otherLiab": 1163700000, "goodWill": 7862400000, "treasuryStock": -4584600000, "otherAssets": 2489900000, "cash": 199400000, "totalCurrentLiabilities": 2698800000, "deferredLongTermAssetCharges": 2351500000, "shortLongTermDebt": 599000000, "otherStockholderEquity": -412700000, "propertyPlantEquipment": 6538500000, "totalCurrentAssets": 3329700000, "longTermInvestments": 2880100000, "netTangibleAssets": 1114300000, "netReceivables": 1119200000, "longTermDebt": 9474600000, "inventory": 1573200000, "accountsPayable": 899200000}, "2021-02-28": {"intangibleAssets": 2732100000, "capitalSurplus": 1604200000, "totalLiab": 13175700000, "totalStockholderEquity": 13598900000, "minorityInterest": 330200000, "otherCurrentLiab": 205800000, "totalAssets": 27104800000, "commonStock": 2200000, "otherCurrentAssets": 128300000, "retainedEarnings": 15117800000, "otherLiab": 1022400000, "goodWill": 7793500000, "treasuryStock": -3125300000, "otherAssets": 2628700000, "cash": 460600000, "totalCurrentLiabilities": 1269100000, "deferredLongTermAssetCharges": 2492500000, "shortLongTermDebt": 24600000, "otherStockholderEquity": -335500000, "propertyPlantEquipment": 6299500000, "totalCurrentAssets": 3044500000, "longTermInvestments": 4606500000, "netTangibleAssets": 3073300000, "netReceivables": 1088500000, "longTermDebt": 10402200000, "inventory": 1291100000, "accountsPayable": 460000000}, "2020-02-29": {"intangibleAssets": 2718900000, "capitalSurplus": 1514600000, "totalLiab": 14848900000, "totalStockholderEquity": 12131800000, "minorityInterest": 342500000, "otherCurrentLiab": 234800000, "totalAssets": 27323200000, "commonStock": 2200000, "otherCurrentAssets": 775100000, "retainedEarnings": 13695300000, "otherLiab": 842700000, "goodWill": 7757100000, "treasuryStock": -3080300000, "otherAssets": 3337700000, "cash": 81400000, "totalCurrentLiabilities": 2311800000, "deferredLongTermAssetCharges": 2656300000, "shortLongTermDebt": 724000000, "otherStockholderEquity": -266300000, "propertyPlantEquipment": 5814400000, "totalCurrentAssets": 3484100000, "longTermInvestments": 4211000000, "netTangibleAssets": 1655800000, "netReceivables": 1215200000, "longTermDebt": 11197200000, "inventory": 1373600000, "accountsPayable": 557600000}, "2019-02-28": {"intangibleAssets": 3198100000, "capitalSurplus": 1410800000, "totalLiab": 16394300000, "totalStockholderEquity": 12551000000, "minorityInterest": 286200000, "otherCurrentLiab": 238800000, "totalAssets": 29231500000, "commonStock": 2200000, "otherCurrentAssets": 144000000, "retainedEarnings": 14276200000, "otherLiab": 1470700000, "goodWill": 8088800000, "treasuryStock": -3138200000, "otherAssets": 2293000000, "cash": 93600000, "totalCurrentLiabilities": 3163800000, "deferredLongTermAssetCharges": 2183300000, "shortLongTermDebt": 1065200000, "otherStockholderEquity": -353900000, "propertyPlantEquipment": 5267300000, "totalCurrentAssets": 3684000000, "longTermInvestments": 6700300000, "netTangibleAssets": 1264100000, "netReceivables": 1267900000, "longTermDebt": 11759800000, "inventory": 2130400000, "accountsPayable": 616700000}}, "quarterly": {"2022-05-31": {"intangibleAssets": 2765700000, "capitalSurplus": 1825000000, "totalLiab": 14282600000, "totalStockholderEquity": 11231400000, "minorityInterest": 327100000, "otherCurrentLiab": 20300000, "totalAssets": 25841100000, "commonStock": 2200000, "otherCurrentAssets": 167900000, "retainedEarnings": 14746200000, "otherLiab": 1638600000, "goodWill": 7915100000, "treasuryStock": -5342000000, "otherAssets": 2988500000, "cash": 101800000, "totalCurrentLiabilities": 2365800000, "deferredLongTermAssetCharges": 2334800000, "shortLongTermDebt": 567400000, "otherStockholderEquity": -166300000, "propertyPlantEquipment": 6163300000, "totalCurrentAssets": 3302200000, "longTermInvestments": 2706300000, "netTangibleAssets": 550600000, "netReceivables": 879900000, "longTermDebt": 10265700000, "inventory": 1656400000, "accountsPayable": 874600000}, "2022-02-28": {"intangibleAssets": 2755200000, "capitalSurplus": 1808900000, "totalLiab": 13808000000, "totalStockholderEquity": 11731900000, "minorityInterest": 315900000, "otherCurrentLiab": 232600000, "totalAssets": 25855800000, "commonStock": 2200000, "otherCurrentAssets": 183800000, "retainedEarnings": 14505400000, "otherLiab": 1163700000, "goodWill": 7862400000, "treasuryStock": -4584600000, "otherAssets": 2489900000, "cash": 199400000, "totalCurrentLiabilities": 2698800000, "deferredLongTermAssetCharges": 2351500000, "shortLongTermDebt": 599000000, "otherStockholderEquity": -412700000, "propertyPlantEquipment": 6538500000, "totalCurrentAssets": 3329700000, "longTermInvestments": 2880100000, "netTangibleAssets": 1114300000, "netReceivables": 1119200000, "longTermDebt": 9474600000, "inventory": 1573200000, "accountsPayable": 899200000}, "2021-11-30": {"intangibleAssets": 2756700000, "capitalSurplus": 1781800000, "totalLiab": 13980900000, "totalStockholderEquity": 11238300000, "minorityInterest": 308100000, "otherCurrentLiab": 351600000, "totalAssets": 25527300000, "commonStock": 2200000, "otherCurrentAssets": 42500000, "retainedEarnings": 14251600000, "otherLiab": 1648500000, "goodWill": 7848100000, "treasuryStock": -4797300000, "otherAssets": 2977300000, "cash": 361300000, "totalCurrentLiabilities": 2248600000, "deferredLongTermAssetCharges": 2414200000, "otherStockholderEquity": -623100000, "propertyPlantEquipment": 5519300000, "totalCurrentAssets": 3376600000, "longTermInvestments": 3049300000, "netTangibleAssets": 633500000, "netReceivables": 917800000, "longTermDebt": 10071000000, "inventory": 1518900000, "accountsPayable": 945400000}, "2021-08-31": {"intangibleAssets": 2729700000, "capitalSurplus": 1648300000, "totalLiab": 13815700000, "totalStockholderEquity": 11192700000, "minorityInterest": 331900000, "otherCurrentLiab": 6000000, "totalAssets": 25340300000, "commonStock": 2200000, "otherCurrentAssets": 72400000, "retainedEarnings": 13922200000, "otherLiab": 1546900000, "goodWill": 7798900000, "treasuryStock": -4380000000, "otherAssets": 3055000000, "cash": 103400000, "totalCurrentLiabilities": 2187100000, "deferredLongTermAssetCharges": 2448000000, "otherStockholderEquity": -290400000, "propertyPlantEquipment": 5505400000, "totalCurrentAssets": 2943700000, "longTermInvestments": 3307600000, "netTangibleAssets": 664100000, "netReceivables": 972800000, "longTermDebt": 10068300000, "inventory": 1339000000, "accountsPayable": 840400000}}}, "income": {"annual": {"2022-02-28": {"researchDevelopment": null, "effectOfAccountingCharges": null, "incomeBeforeTax": 310400000, "minorityInterest": 315900000, "netIncome": -40400000, "sellingGeneralAdministrative": 1701000000, "grossProfit": 4711000000, "ebit": 3010000000, "operatingIncome": 3010000000, "otherOperatingExpenses": null, "interestExpense": -356400000, "extraordinaryItems": null, "nonRecurring": null, "otherItems": null, "incomeTaxExpense": 309400000, "totalRevenue": 8820700000, "totalOperatingExpenses": 5810700000, "costOfRevenue": 4109700000, "totalOtherIncomeExpenseNet": -2699600000, "discontinuedOperations": null, "netIncomeFromContinuingOps": 1000000, "netIncomeApplicableToCommonShares": -40400000}, "2021-02-28": {"researchDevelopment": null, "effectOfAccountingCharges": null, "incomeBeforeTax": 2542900000, "minorityInterest": 330200000, "netIncome": 1998000000, "sellingGeneralAdministrative": 1632500000, "grossProfit": 4574300000, "ebit": 2941800000, "operatingIncome": 2941800000, "otherOperatingExpenses": null, "interestExpense": -385700000, "extraordinaryItems": null, "nonRecurring": null, "otherItems": null, "incomeTaxExpense": 511100000, "totalRevenue": 8614900000, "totalOperatingExpenses": 5673100000, "costOfRevenue": 4040600000, "totalOtherIncomeExpenseNet": -398900000, "discontinuedOperations": null, "netIncomeFromContinuingOps": 2031800000, "netIncomeApplicableToCommonShares": 1998000000}, "2020-02-29": {"researchDevelopment": null, "effectOfAccountingCharges": null, "incomeBeforeTax": -945200000, "minorityInterest": 342500000, "netIncome": -11800000, "sellingGeneralAdministrative": 1564900000, "grossProfit": 4285500000, "ebit": 2720600000, "operatingIncome": 2720600000, "otherOperatingExpenses": null, "interestExpense": -428700000, "extraordinaryItems": null, "nonRecurring": null, "otherItems": null, "incomeTaxExpense": -966600000, "totalRevenue": 8343500000, "totalOperatingExpenses": 5622900000, "costOfRevenue": 4058000000, "totalOtherIncomeExpenseNet": -3665800000, "discontinuedOperations": null, "netIncomeFromContinuingOps": 21400000, "netIncomeApplicableToCommonShares": -11800000}, "2019-02-28": {"researchDevelopment": null, "effectOfAccountingCharges": null, "incomeBeforeTax": 4145000000, "minorityInterest": 286200000, "netIncome": 3435900000, "sellingGeneralAdministrative": 1482100000, "grossProfit": 4103400000, "ebit": 2631400000, "operatingIncome": 2631400000, "otherOperatingExpenses": -10100000, "interestExpense": -367100000, "extraordinaryItems": null, "nonRecurring": null, "otherItems": null, "incomeTaxExpense": 685900000, "totalRevenue": 8116000000, "totalOperatingExpenses": 5484600000, "costOfRevenue": 4012600000, "totalOtherIncomeExpenseNet": 1513600000, "discontinuedOperations": null, "netIncomeFromContinuingOps": 3459100000, "netIncomeApplicableToCommonShares": 3435900000}}, "quarterly": {"2022-05-31": {"researchDevelopment": null, "effectOfAccountingCharges": null, "incomeBeforeTax": 524700000, "minorityInterest": 327100000, "netIncome": 389500000, "sellingGeneralAdministrative": 444300000, "grossProfit": 1255800000, "ebit": 810800000, "operatingIncome": 810800000, "otherOperatingExpenses": 700000, "interestExpense": -88500000, "extraordinaryItems": null, "nonRecurring": null, "otherItems": null, "incomeTaxExpense": 125400000, "totalRevenue": 2363200000, "totalOperatingExpenses": 1552400000, "costOfRevenue": 1107400000, "totalOtherIncomeExpenseNet": -286100000, "discontinuedOperations": null, "netIncomeFromContinuingOps": 399300000, "netIncomeApplicableToCommonShares": 389500000}, "2022-02-28": {"researchDevelopment": null, "effectOfAccountingCharges": null, "incomeBeforeTax": 497900000, "minorityInterest": 315900000, "netIncome": 395400000, "sellingGeneralAdministrative": 440400000, "grossProfit": 1133700000, "ebit": 680700000, "operatingIncome": 680700000, "otherOperatingExpenses": 12600000, "interestExpense": -85900000, "extraordinaryItems": null, "nonRecurring": null, "otherItems": null, "incomeTaxExpense": 92300000, "totalRevenue": 2102500000, "totalOperatingExpenses": 1421800000, "costOfRevenue": 968800000, "totalOtherIncomeExpenseNet": -182800000, "discontinuedOperations": null, "netIncomeFromContinuingOps": 405600000, "netIncomeApplicableToCommonShares": 395400000}, "2021-11-30": {"researchDevelopment": null, "effectOfAccountingCharges": null, "incomeBeforeTax": 580100000, "minorityInterest": 308100000, "netIncome": 470800000, "sellingGeneralAdministrative": 406400000, "grossProfit": 1225800000, "ebit": 838100000, "operatingIncome": 838100000, "otherOperatingExpenses": -18700000, "interestExpense": -88000000, "extraordinaryItems": null, "nonRecurring": null, "otherItems": null, "incomeTaxExpense": 99300000, "totalRevenue": 2320600000, "totalOperatingExpenses": 1482500000, "costOfRevenue": 1094800000, "totalOtherIncomeExpenseNet": -258000000, "discontinuedOperations": null, "netIncomeFromContinuingOps": 480800000, "netIncomeApplicableToCommonShares": 470800000}, "2021-08-31": {"researchDevelopment": null, "effectOfAccountingCharges": null, "incomeBeforeTax": 143200000, "minorityInterest": 331900000, "netIncome": 1500000, "sellingGeneralAdministrative": 484200000, "grossProfit": 1229600000, "ebit": 738300000, "operatingIncome": 738300000, "otherOperatingExpenses": 7100000, "interestExpense": -95800000, "extraordinaryItems": null, "nonRecurring": null, "otherItems": null, "incomeTaxExpense": 131300000, "totalRevenue": 2371100000, "totalOperatingExpenses": 1632800000, "costOfRevenue": 1141500000, "totalOtherIncomeExpenseNet": -595100000, "discontinuedOperations": null, "netIncomeFromContinuingOps": 11900000, "netIncomeApplicableToCommonShares": 1500000}}}, "cash": {"annual": {"2022-02-28": {"investments": 37800000, "changeToLiabilities": 331700000, "totalCashflowsFromInvestingActivities": -1035800000, "netBorrowings": -46700000, "totalCashFromFinancingActivities": -1929500000, "changeToOperatingActivities": -142000000, "issuanceOfStock": 177600000, "netIncome": -40400000, "changeInCash": -261200000, "repurchaseOfStock": -1400300000, "effectOfExchangeRate": -1300000, "totalCashFromOperatingActivities": 2705400000, "depreciation": 342400000, "otherCashflowsFromInvestingActivities": -2000000, "dividendsPaid": -573000000, "changeToInventory": -261300000, "changeToAccountReceivables": -114000000, "otherCashflowsFromFinancingActivities": -87100000, "changeToNetincome": 2549100000, "capitalExpenditures": -1026800000}, "2021-02-28": {"investments": -222400000, "changeToLiabilities": -95700000, "totalCashflowsFromInvestingActivities": -87900000, "netBorrowings": -1765500000, "totalCashFromFinancingActivities": -2346600000, "changeToOperatingActivities": -9300000, "issuanceOfStock": 58900000, "netIncome": 1998000000, "changeInCash": 379200000, "repurchaseOfStock": -7700000, "effectOfExchangeRate": 7200000, "totalCashFromOperatingActivities": 2806500000, "depreciation": 299000000, "otherCashflowsFromInvestingActivities": 600000, "dividendsPaid": -575000000, "changeToInventory": 193700000, "changeToAccountReceivables": 59600000, "otherCashflowsFromFinancingActivities": -57300000, "changeToNetincome": 336900000, "capitalExpenditures": -864600000}, "2020-02-29": {"investments": -46700000, "changeToLiabilities": 18200000, "totalCashflowsFromInvestingActivities": -531000000, "netBorrowings": -1456600000, "totalCashFromFinancingActivities": -2031400000, "changeToOperatingActivities": -50400000, "issuanceOfStock": 78200000, "netIncome": -11800000, "changeInCash": -12200000, "repurchaseOfStock": -64300000, "effectOfExchangeRate": -900000, "totalCashFromOperatingActivities": 2551100000, "depreciation": 324600000, "otherCashflowsFromInvestingActivities": 400000, "dividendsPaid": -569200000, "changeToInventory": -29500000, "changeToAccountReceivables": -22000000, "otherCashflowsFromFinancingActivities": -19500000, "changeToNetincome": 2305900000, "capitalExpenditures": -726500000}, "2019-02-28": {"investments": -3971300000, "changeToLiabilities": 21400000, "totalCashflowsFromInvestingActivities": -4831800000, "netBorrowings": 3640300000, "totalCashFromFinancingActivities": 2593300000, "changeToOperatingActivities": -125100000, "issuanceOfStock": 63200000, "netIncome": 3435900000, "changeInCash": 3300000, "repurchaseOfStock": -517900000, "effectOfExchangeRate": -4500000, "totalCashFromOperatingActivities": 2246300000, "depreciation": 330200000, "otherCashflowsFromInvestingActivities": -900000, "dividendsPaid": -557700000, "changeToInventory": -61900000, "changeToAccountReceivables": -71900000, "otherCashflowsFromFinancingActivities": -34600000, "changeToNetincome": -1311700000, "capitalExpenditures": -886300000}}, "quarterly": {"2022-05-31": {"changeToLiabilities": 120700000, "totalCashflowsFromInvestingActivities": -226800000, "netBorrowings": 563100000, "totalCashFromFinancingActivities": -627200000, "changeToOperatingActivities": -72500000, "issuanceOfStock": 14000000, "netIncome": 389500000, "changeInCash": -97600000, "repurchaseOfStock": -1018000000, "effectOfExchangeRate": -1800000, "totalCashFromOperatingActivities": 758200000, "depreciation": 92700000, "otherCashflowsFromInvestingActivities": 500000, "dividendsPaid": -149300000, "changeToInventory": -83000000, "changeToAccountReceivables": 17200000, "otherCashflowsFromFinancingActivities": -37000000, "changeToNetincome": 275900000, "capitalExpenditures": -196600000}, "2022-02-28": {"investments": 66400000, "changeToLiabilities": -133100000, "totalCashflowsFromInvestingActivities": -361600000, "netBorrowings": 78200000, "totalCashFromFinancingActivities": -61600000, "changeToOperatingActivities": -228200000, "issuanceOfStock": 17900000, "netIncome": 395400000, "changeInCash": -161900000, "repurchaseOfStock": -1018000000, "effectOfExchangeRate": -1800000, "totalCashFromOperatingActivities": 261300000, "depreciation": 93800000, "otherCashflowsFromInvestingActivities": 500000, "dividendsPaid": -142500000, "changeToInventory": -42900000, "changeToAccountReceivables": 20800000, "otherCashflowsFromFinancingActivities": -15200000, "changeToNetincome": 153100000, "capitalExpenditures": -428100000}, "2021-11-30": {"investments": 66400000, "changeToLiabilities": 74300000, "totalCashflowsFromInvestingActivities": -297100000, "netBorrowings": -255700000, "totalCashFromFinancingActivities": -361500000, "changeToOperatingActivities": 79900000, "issuanceOfStock": 136800000, "netIncome": 470800000, "changeInCash": 257900000, "repurchaseOfStock": -85500000, "effectOfExchangeRate": -1700000, "totalCashFromOperatingActivities": 918200000, "depreciation": 86300000, "otherCashflowsFromInvestingActivities": -1000000, "dividendsPaid": -141200000, "changeToInventory": -169100000, "changeToAccountReceivables": 53000000, "otherCashflowsFromFinancingActivities": -15900000, "changeToNetincome": 320600000, "capitalExpenditures": -245300000}, "2021-08-31": {"investments": -20100000, "changeToLiabilities": 35900000, "totalCashflowsFromInvestingActivities": -260500000, "netBorrowings": 131900000, "totalCashFromFinancingActivities": -949900000, "changeToOperatingActivities": 79700000, "issuanceOfStock": 10400000, "netIncome": 1500000, "changeInCash": -400400000, "repurchaseOfStock": -904200000, "effectOfExchangeRate": 100000, "totalCashFromOperatingActivities": 809900000, "depreciation": 86300000, "otherCashflowsFromInvestingActivities": -1000000, "dividendsPaid": -142600000, "changeToInventory": 33000000, "changeToAccountReceivables": -51100000, "otherCashflowsFromFinancingActivities": -45400000, "changeToNetincome": 589500000, "capitalExpenditures": -239500000}}}}, "TSN": {"balance": {"annual": {"2021-10-02": {"intangibleAssets": 6519000000, "capitalSurplus": 4486000000, "totalLiab": 18455000000, "totalStockholderEquity": 17723000000, "minorityInterest": 131000000, "otherCurrentLiab": 1981000000, "totalAssets": 36309000000, "commonStock": 45000000, "otherCurrentAssets": 533000000, "retainedEarnings": 17502000000, "otherLiab": 3481000000, "goodWill": 10549000000, "treasuryStock": -4310000000, "otherAssets": 942000000, "cash": 2507000000, "totalCurrentLiabilities": 6325000000, "shortLongTermDebt": 1067000000, "otherStockholderEquity": -172000000, "propertyPlantEquipment": 8368000000, "totalCurrentAssets": 9822000000, "longTermInvestments": 109000000, "netTangibleAssets": 655000000, "netReceivables": 2400000000, "longTermDebt": 8281000000, "inventory": 4382000000, "accountsPayable": 2225000000}, "2020-10-03": {"intangibleAssets": 6774000000, "capitalSurplus": 4433000000, "totalLiab": 19070000000, "totalStockholderEquity": 15254000000, "minorityInterest": 132000000, "otherCurrentLiab": 826000000, "totalAssets": 34456000000, "commonStock": 45000000, "otherCurrentAssets": 367000000, "retainedEarnings": 15100000000, "otherLiab": 3677000000, "goodWill": 10899000000, "treasuryStock": -4324000000, "otherAssets": 949000000, "cash": 1420000000, "totalCurrentLiabilities": 4234000000, "shortLongTermDebt": 548000000, "otherStockholderEquity": -179000000, "propertyPlantEquipment": 8128000000, "totalCurrentAssets": 7598000000, "longTermInvestments": 108000000, "netTangibleAssets": -2419000000, "netReceivables": 1952000000, "longTermDebt": 10791000000, "inventory": 3859000000, "accountsPayable": 1876000000}, "2019-09-28": {"intangibleAssets": 7037000000, "capitalSurplus": 4378000000, "totalLiab": 18824000000, "totalStockholderEquity": 13950000000, "minorityInterest": 144000000, "otherCurrentLiab": 865000000, "totalAssets": 32918000000, "commonStock": 45000000, "otherCurrentAssets": 403000000, "retainedEarnings": 13655000000, "otherLiab": 3481000000, "goodWill": 10844000000, "treasuryStock": -4128000000, "otherAssets": 663000000, "cash": 484000000, "totalCurrentLiabilities": 5513000000, "shortLongTermDebt": 2102000000, "otherStockholderEquity": -117000000, "propertyPlantEquipment": 7282000000, "totalCurrentAssets": 6990000000, "longTermInvestments": 102000000, "netTangibleAssets": -3931000000, "shortTermInvestments": 1000000, "netReceivables": 2173000000, "longTermDebt": 9830000000, "inventory": 3929000000, "accountsPayable": 1926000000}, "2018-09-29": {"intangibleAssets": 6759000000, "capitalSurplus": 4387000000, "totalLiab": 16298000000, "totalStockholderEquity": 12803000000, "minorityInterest": 8000000, "otherCurrentLiab": 877000000, "totalAssets": 29109000000, "commonStock": 45000000, "otherCurrentAssets": 181000000, "retainedEarnings": 12329000000, "otherLiab": 3305000000, "goodWill": 9739000000, "treasuryStock": -3958000000, "otherAssets": 657000000, "cash": 270000000, "totalCurrentLiabilities": 5031000000, "shortLongTermDebt": 1911000000, "otherStockholderEquity": -15000000, "propertyPlantEquipment": 6169000000, "totalCurrentAssets": 5688000000, "longTermInvestments": 97000000, "netTangibleAssets": -3695000000, "shortTermInvestments": 1000000, "netReceivables": 1723000000, "longTermDebt": 7962000000, "inventory": 3513000000, "accountsPayable": 1694000000}}, "quarterly": {"2022-07-02": {"intangibleAssets": 6325000000, "capitalSurplus": 4536000000, "totalLiab": 16756000000, "totalStockholderEquity": 19355000000, "minorityInterest": 134000000, "otherCurrentLiab": 1430000000, "totalAssets": 36245000000, "commonStock": 45000000, "otherCurrentAssets": 397000000, "retainedEarnings": 19708000000, "otherLiab": 3813000000, "goodWill": 10531000000, "treasuryStock": -4934000000, "otherAssets": 1590000000, "cash": 1056000000, "totalCurrentLiabilities": 4682000000, "shortLongTermDebt": 67000000, "otherStockholderEquity": -255000000, "propertyPlantEquipment": 8393000000, "totalCurrentAssets": 9303000000, "longTermInvestments": 103000000, "netTangibleAssets": 2499000000, "netReceivables": 2518000000, "longTermDebt": 8261000000, "inventory": 5332000000, "accountsPayable": 2306000000}, "2022-04-02": {"intangibleAssets": 6397000000, "capitalSurplus": 4510000000, "totalLiab": 16742000000, "totalStockholderEquity": 19014000000, "minorityInterest": 142000000, "otherCurrentLiab": 1535000000, "totalAssets": 35898000000, "commonStock": 45000000, "otherCurrentAssets": 448000000, "retainedEarnings": 19119000000, "otherLiab": 3815000000, "goodWill": 10548000000, "treasuryStock": -4660000000, "otherAssets": 1658000000, "cash": 1151000000, "totalCurrentLiabilities": 4657000000, "shortLongTermDebt": 79000000, "otherStockholderEquity": -144000000, "propertyPlantEquipment": 8193000000, "totalCurrentAssets": 8997000000, "longTermInvestments": 105000000, "netTangibleAssets": 2069000000, "netReceivables": 2408000000, "longTermDebt": 8270000000, "inventory": 4990000000, "accountsPayable": 2269000000}, "2022-01-01": {"intangibleAssets": 6459000000, "capitalSurplus": 4471000000, "totalLiab": 18282000000, "totalStockholderEquity": 18403000000, "minorityInterest": 139000000, "otherCurrentLiab": 2165000000, "totalAssets": 36824000000, "commonStock": 45000000, "otherCurrentAssets": 635000000, "retainedEarnings": 18453000000, "otherLiab": 3974000000, "goodWill": 10550000000, "treasuryStock": -4566000000, "otherAssets": 1559000000, "cash": 2956000000, "totalCurrentLiabilities": 6034000000, "shortLongTermDebt": 1090000000, "otherStockholderEquity": -172000000, "propertyPlantEquipment": 8012000000, "totalCurrentAssets": 10136000000, "longTermInvestments": 108000000, "netTangibleAssets": 1394000000, "netReceivables": 2091000000, "longTermDebt": 8274000000, "inventory": 4454000000, "accountsPayable": 2115000000}, "2021-10-02": {"intangibleAssets": 6519000000, "capitalSurplus": 4486000000, "totalLiab": 18455000000, "totalStockholderEquity": 17723000000, "minorityInterest": 131000000, "otherCurrentLiab": 1981000000, "totalAssets": 36309000000, "commonStock": 45000000, "otherCurrentAssets": 533000000, "retainedEarnings": 17502000000, "otherLiab": 3481000000, "goodWill": 10549000000, "treasuryStock": -4310000000, "otherAssets": 942000000, "cash": 2507000000, "totalCurrentLiabilities": 6325000000, "shortLongTermDebt": 1067000000, "otherStockholderEquity": -172000000, "propertyPlantEquipment": 8368000000, "totalCurrentAssets": 9822000000, "longTermInvestments": 109000000, "netTangibleAssets": 655000000, "netReceivables": 2400000000, "longTermDebt": 8281000000, "inventory": 4382000000, "accountsPayable": 2225000000}}}, "income": {"annual": {"2021-10-02": {"researchDevelopment": null, "effectOfAccountingCharges": null, "incomeBeforeTax": 4041000000, "minorityInterest": 131000000, "netIncome": 3047000000, "sellingGeneralAdministrative": 2106000000, "grossProfit": 6861000000, "ebit": 4755000000, "operatingIncome": 4755000000, "otherOperatingExpenses": null, "interestExpense": -428000000, "extraordinaryItems": null, "nonRecurring": null, "otherItems": null, "incomeTaxExpense": 981000000, "totalRevenue": 47049000000, "totalOperatingExpenses": 42294000000, "costOfRevenue": 40188000000, "totalOtherIncomeExpenseNet": -714000000, "discontinuedOperations": null, "netIncomeFromContinuingOps": 3060000000, "netIncomeApplicableToCommonShares": 3047000000}, "2020-10-03": {"researchDevelopment": null, "effectOfAccountingCharges": null, "incomeBeforeTax": 2664000000, "minorityInterest": 132000000, "netIncome": 2061000000, "sellingGeneralAdministrative": 2167000000, "grossProfit": 5901000000, "ebit": 3734000000, "operatingIncome": 3734000000, "otherOperatingExpenses": null, "interestExpense": -485000000, "extraordinaryItems": null, "nonRecurring": null, "otherItems": null, "incomeTaxExpense": 593000000, "totalRevenue": 43185000000, "totalOperatingExpenses": 39451000000, "costOfRevenue": 37284000000, "totalOtherIncomeExpenseNet": -1070000000, "discontinuedOperations": null, "netIncomeFromContinuingOps": 2071000000, "netIncomeApplicableToCommonShares": 2061000000}, "2019-09-28": {"researchDevelopment": null, "effectOfAccountingCharges": null, "incomeBeforeTax": 2374000000, "minorityInterest": 144000000, "netIncome": 1980000000, "sellingGeneralAdministrative": 2208000000, "grossProfit": 5063000000, "ebit": 2855000000, "operatingIncome": 2855000000, "otherOperatingExpenses": null, "interestExpense": -462000000, "extraordinaryItems": null, "nonRecurring": null, "otherItems": null, "incomeTaxExpense": 381000000, "totalRevenue": 42405000000, "totalOperatingExpenses": 39550000000, "costOfRevenue": 37342000000, "totalOtherIncomeExpenseNet": -481000000, "discontinuedOperations": null, "netIncomeFromContinuingOps": 1993000000, "netIncomeApplicableToCommonShares": 1980000000}, "2018-09-29": {"researchDevelopment": null, "effectOfAccountingCharges": null, "incomeBeforeTax": 2682000000, "minorityInterest": 8000000, "netIncome": 2970000000, "sellingGeneralAdministrative": 2045000000, "grossProfit": 5197000000, "ebit": 3152000000, "operatingIncome": 3152000000, "otherOperatingExpenses": null, "interestExpense": -350000000, "extraordinaryItems": null, "nonRecurring": null, "otherItems": null, "incomeTaxExpense": -291000000, "totalRevenue": 40052000000, "totalOperatingExpenses": 36900000000, "costOfRevenue": 34855000000, "totalOtherIncomeExpenseNet": -470000000, "discontinuedOperations": null, "netIncomeFromContinuingOps": 2973000000, "netIncomeApplicableToCommonShares": 2970000000}}, "quarterly": {"2022-07-02": {"researchDevelopment": null, "effectOfAccountingCharges": null, "incomeBeforeTax": 986000000, "minorityInterest": 134000000, "netIncome": 750000000, "sellingGeneralAdministrative": 578000000, "grossProfit": 1608000000, "ebit": 1030000000, "operatingIncome": 1030000000, "otherOperatingExpenses": null, "interestExpense": -85000000, "extraordinaryItems": null, "nonRecurring": null, "otherItems": null, "incomeTaxExpense": 233000000, "totalRevenue": 13495000000, "totalOperatingExpenses": 12465000000, "costOfRevenue": 11887000000, "totalOtherIncomeExpenseNet": -44000000, "discontinuedOperations": null, "netIncomeFromContinuingOps": 753000000, "netIncomeApplicableToCommonShares": 750000000}, "2022-04-02": {"researchDevelopment": null, "effectOfAccountingCharges": null, "incomeBeforeTax": 1087000000, "minorityInterest": 142000000, "netIncome": 829000000, "sellingGeneralAdministrative": 579000000, "grossProfit": 1735000000, "ebit": 1156000000, "operatingIncome": 1156000000, "otherOperatingExpenses": null, "interestExpense": -97000000, "extraordinaryItems": null, "nonRecurring": null, "otherItems": null, "incomeTaxExpense": 254000000, "totalRevenue": 13117000000, "totalOperatingExpenses": 11961000000, "costOfRevenue": 11382000000, "totalOtherIncomeExpenseNet": -69000000, "discontinuedOperations": null, "netIncomeFromContinuingOps": 833000000, "netIncomeApplicableToCommonShares": 829000000}, "2022-01-01": {"researchDevelopment": null, "effectOfAccountingCharges": null, "incomeBeforeTax": 1410000000, "minorityInterest": 139000000, "netIncome": 1121000000, "sellingGeneralAdministrative": 560000000, "grossProfit": 2015000000, "ebit": 1455000000, "operatingIncome": 1455000000, "otherOperatingExpenses": null, "interestExpense": -100000000, "extraordinaryItems": null, "nonRecurring": null, "otherItems": null, "incomeTaxExpense": 284000000, "totalRevenue": 12933000000, "totalOperatingExpenses": 11478000000, "costOfRevenue": 10918000000, "totalOtherIncomeExpenseNet": -45000000, "discontinuedOperations": null, "netIncomeFromContinuingOps": 1126000000, "netIncomeApplicableToCommonShares": 1121000000}, "2021-10-02": {"researchDevelopment": null, "effectOfAccountingCharges": null, "incomeBeforeTax": 1835000000, "minorityInterest": 131000000, "netIncome": 1355000000, "sellingGeneralAdministrative": 480000000, "grossProfit": 2541000000, "ebit": 2061000000, "operatingIncome": 2061000000, "otherOperatingExpenses": null, "interestExpense": -103000000, "extraordinaryItems": null, "nonRecurring": null, "otherItems": null, "incomeTaxExpense": 477000000, "totalRevenue": 12811000000, "totalOperatingExpenses": 10750000000, "costOfRevenue": 10270000000, "totalOtherIncomeExpenseNet": -226000000, "discontinuedOperations": null, "netIncomeFromContinuingOps": 1358000000, "netIncomeApplicableToCommonShares": 1355000000}}}, "cash": {"annual": {"2021-10-02": {"investments": -46000000, "changeToLiabilities": 351000000, "totalCashflowsFromInvestingActivities": 58000000, "netBorrowings": -2047000000, "totalCashFromFinancingActivities": -2731000000, "changeToOperatingActivities": 684000000, "issuanceOfStock": 41000000, "netIncome": 3047000000, "changeInCash": 1171000000, "repurchaseOfStock": -67000000, "effectOfExchangeRate": 4000000, "totalCashFromOperatingActivities": 3840000000, "depreciation": 1195000000, "otherCashflowsFromInvestingActivities": 125000000, "dividendsPaid": -636000000, "changeToInventory": -567000000, "changeToAccountReceivables": -508000000, "otherCashflowsFromFinancingActivities": -22000000, "changeToNetincome": -802000000, "capitalExpenditures": -1209000000}, "2020-10-03": {"investments": -201000000, "changeToLiabilities": -64000000, "totalCashflowsFromInvestingActivities": -1423000000, "netBorrowings": -672000000, "totalCashFromFinancingActivities": -1468000000, "changeToOperatingActivities": 305000000, "issuanceOfStock": 30000000, "netIncome": 2061000000, "changeInCash": 982000000, "repurchaseOfStock": -207000000, "effectOfExchangeRate": -1000000, "totalCashFromOperatingActivities": 3874000000, "depreciation": 1178000000, "otherCashflowsFromInvestingActivities": -52000000, "dividendsPaid": -601000000, "changeToInventory": 86000000, "changeToAccountReceivables": 191000000, "otherCashflowsFromFinancingActivities": -18000000, "changeToNetincome": 41000000, "capitalExpenditures": -1199000000}, "2019-09-28": {"investments": -1000000, "changeToLiabilities": -55000000, "totalCashflowsFromInvestingActivities": -3464000000, "netBorrowings": 1891000000, "totalCashFromFinancingActivities": 1171000000, "changeToOperatingActivities": -97000000, "issuanceOfStock": 99000000, "netIncome": 1980000000, "changeInCash": 214000000, "repurchaseOfStock": -252000000, "effectOfExchangeRate": -6000000, "totalCashFromOperatingActivities": 2513000000, "depreciation": 1086000000, "otherCashflowsFromInvestingActivities": 88000000, "dividendsPaid": -537000000, "changeToInventory": -157000000, "changeToAccountReceivables": -226000000, "otherCashflowsFromFinancingActivities": -30000000, "changeToNetincome": 224000000, "capitalExpenditures": -1259000000}, "2018-09-29": {"investments": -5000000, "changeToLiabilities": -44000000, "totalCashflowsFromInvestingActivities": -1906000000, "netBorrowings": -332000000, "totalCashFromFinancingActivities": -1102000000, "changeToOperatingActivities": -144000000, "issuanceOfStock": 102000000, "netIncome": 2970000000, "changeInCash": -48000000, "repurchaseOfStock": -427000000, "effectOfExchangeRate": -3000000, "totalCashFromOperatingActivities": 2963000000, "depreciation": 933000000, "otherCashflowsFromInvestingActivities": -24000000, "dividendsPaid": -431000000, "changeToInventory": -144000000, "changeToAccountReceivables": -2000000, "otherCashflowsFromFinancingActivities": -14000000, "changeToNetincome": -727000000, "capitalExpenditures": -1200000000}}, "quarterly": {"2022-07-02": {"investments": -2000000, "changeToLiabilities": 0, "totalCashflowsFromInvestingActivities": -440000000, "netBorrowings": -28000000, "totalCashFromFinancingActivities": -361000000, "changeToOperatingActivities": -470000000, "issuanceOfStock": 12000000, "netIncome": 750000000, "changeInCash": -159000000, "repurchaseOfStock": -182000000, "effectOfExchangeRate": -24000000, "totalCashFromOperatingActivities": 666000000, "depreciation": 295000000, "otherCashflowsFromInvestingActivities": 38000000, "dividendsPaid": -163000000, "changeToNetincome": 89000000, "capitalExpenditures": -476000000}, "2022-04-02": {"investments": -96000000, "changeToLiabilities": 0, "totalCashflowsFromInvestingActivities": -426000000, "netBorrowings": -1024000000, "totalCashFromFinancingActivities": -1283000000, "changeToOperatingActivities": -1373000000, "issuanceOfStock": 67000000, "netIncome": 829000000, "changeInCash": -1913000000, "repurchaseOfStock": -163000000, "effectOfExchangeRate": 4000000, "totalCashFromOperatingActivities": -208000000, "depreciation": 292000000, "otherCashflowsFromInvestingActivities": 109000000, "dividendsPaid": -164000000, "otherCashflowsFromFinancingActivities": 1000000, "changeToNetincome": 41000000, "capitalExpenditures": -439000000}, "2022-01-01": {"investments": -96000000, "changeToLiabilities": 0, "totalCashflowsFromInvestingActivities": -459000000, "netBorrowings": -17000000, "totalCashFromFinancingActivities": -484000000, "changeToOperatingActivities": -82000000, "issuanceOfStock": 46000000, "netIncome": 1121000000, "changeInCash": 491000000, "repurchaseOfStock": -348000000, "effectOfExchangeRate": 2000000, "totalCashFromOperatingActivities": 1432000000, "depreciation": 298000000, "otherCashflowsFromInvestingActivities": -51000000, "dividendsPaid": -164000000, "otherCashflowsFromFinancingActivities": -1000000, "changeToNetincome": 93000000, "capitalExpenditures": -408000000}, "2021-10-02": {"investments": -96000000, "changeToLiabilities": 351000000, "totalCashflowsFromInvestingActivities": 841000000, "netBorrowings": -1012000000, "totalCashFromFinancingActivities": -1189000000, "changeToOperatingActivities": 705000000, "issuanceOfStock": 8000000, "netIncome": 1355000000, "changeInCash": 829000000, "repurchaseOfStock": -17000000, "effectOfExchangeRate": -7000000, "totalCashFromOperatingActivities": 1184000000, "depreciation": 300000000, "otherCashflowsFromInvestingActivities": 3000000, "dividendsPaid": -159000000, "changeToInventory": -567000000, "changeToAccountReceivables": -508000000, "otherCashflowsFromFinancingActivities": -9000000, "changeToNetincome": -881000000, "capitalExpenditures": -350000000}}}}, "HRL": {"balance": {"annual": {"2021-10-31": {"intangibleAssets": 1822273000, "capitalSurplus": 360336000, "totalLiab": 5717968000, "totalStockholderEquity": 6972883000, "minorityInterest": 5478000, "otherCurrentLiab": 23520000, "totalAssets": 12696329000, "commonStock": 7946000, "otherCurrentAssets": 14943000, "retainedEarnings": 6881870000, "otherLiab": 930388000, "goodWill": 4929102000, "treasuryStock": -277269000, "otherAssets": 516710000, "cash": 613530000, "totalCurrentLiabilities": 1415654000, "shortLongTermDebt": 394000, "otherStockholderEquity": -277269000, "propertyPlantEquipment": 2181409000, "totalCurrentAssets": 2947816000, "longTermInvestments": 299019000, "netTangibleAssets": 221508000, "shortTermInvestments": 21162000, "netReceivables": 904012000, "longTermDebt": 3270510000, "inventory": 1369198000, "accountsPayable": 793310000}, "2020-10-25": {"intangibleAssets": 1076285000, "capitalSurplus": 289554000, "totalLiab": 3477956000, "totalStockholderEquity": 6425548000, "minorityInterest": 4778000, "otherCurrentLiab": 22480000, "totalAssets": 9908282000, "commonStock": 7909000, "otherCurrentAssets": 12437000, "retainedEarnings": 6523335000, "otherLiab": 885929000, "goodWill": 2612727000, "treasuryStock": -395250000, "otherAssets": 380494000, "cash": 1714309000, "totalCurrentLiabilities": 1503965000, "shortLongTermDebt": 250383000, "otherStockholderEquity": -395250000, "propertyPlantEquipment": 1951341000, "totalCurrentAssets": 3579063000, "longTermInvestments": 308372000, "netTangibleAssets": 2736536000, "shortTermInvestments": 17338000, "netReceivables": 743868000, "longTermDebt": 992214000, "inventory": 1072762000, "accountsPayable": 644609000}, "2019-10-27": {"intangibleAssets": 1033862000, "capitalSurplus": 184921000, "totalLiab": 2183469000, "totalStockholderEquity": 5921458000, "minorityInterest": 4077000, "otherCurrentLiab": 6208000, "totalAssets": 8109004000, "commonStock": 7830000, "otherCurrentAssets": 14457000, "retainedEarnings": 6128207000, "otherLiab": 828420000, "goodWill": 2481645000, "treasuryStock": -399500000, "otherAssets": 313816000, "cash": 672901000, "totalCurrentLiabilities": 1105049000, "otherStockholderEquity": -399500000, "propertyPlantEquipment": 1629111000, "totalCurrentAssets": 2361413000, "longTermInvestments": 289157000, "netTangibleAssets": 2405951000, "shortTermInvestments": 14736000, "netReceivables": 594320000, "longTermDebt": 250000000, "inventory": 1042362000, "accountsPayable": 590033000}, "2018-10-28": {"intangibleAssets": 1207219000, "capitalSurplus": 106528000, "totalLiab": 2537474000, "totalStockholderEquity": 5600811000, "minorityInterest": 4007000, "otherCurrentLiab": 2490000, "totalAssets": 8142292000, "commonStock": 7825000, "otherCurrentAssets": 6662000, "retainedEarnings": 5729956000, "otherLiab": 773720000, "goodWill": 2714116000, "treasuryStock": -243498000, "otherAssets": 385104000, "cash": 459136000, "totalCurrentLiabilities": 1138914000, "otherStockholderEquity": -243498000, "propertyPlantEquipment": 1512600000, "totalCurrentAssets": 2050100000, "longTermInvestments": 273153000, "netTangibleAssets": 1679476000, "netReceivables": 604433000, "longTermDebt": 624840000, "inventory": 963527000, "accountsPayable": 618830000}}, "quarterly": {"2022-05-01": {"intangibleAssets": 1814501000, "capitalSurplus": 451836000, "totalLiab": 5777049000, "totalStockholderEquity": 7339402000, "minorityInterest": 5812000, "otherCurrentLiab": 93323000, "totalAssets": 13122263000, "commonStock": 8000000, "otherCurrentAssets": 56826000, "retainedEarnings": 7100730000, "otherLiab": 1002289000, "goodWill": 4935832000, "treasuryStock": -221164000, "otherAssets": 598929000, "cash": 861719000, "totalCurrentLiabilities": 1480659000, "shortLongTermDebt": 26807000, "otherStockholderEquity": -221164000, "propertyPlantEquipment": 2123595000, "totalCurrentAssets": 3373557000, "longTermInvestments": 275849000, "netTangibleAssets": 589069000, "shortTermInvestments": 23478000, "netReceivables": 803055000, "longTermDebt": 3246057000, "inventory": 1597001000, "accountsPayable": 826729000}, "2022-01-30": {"intangibleAssets": 1817165000, "capitalSurplus": 377708000, "totalLiab": 5720684000, "totalStockholderEquity": 7100589000, "minorityInterest": 5736000, "otherCurrentLiab": 89135000, "totalAssets": 12827009000, "commonStock": 7955000, "otherCurrentAssets": 27817000, "retainedEarnings": 6980451000, "otherLiab": 996200000, "goodWill": 4928139000, "treasuryStock": -265525000, "otherAssets": 600028000, "cash": 824434000, "totalCurrentLiabilities": 1415334000, "shortLongTermDebt": 13778000, "otherStockholderEquity": -265525000, "propertyPlantEquipment": 2101834000, "totalCurrentAssets": 3093350000, "longTermInvestments": 286493000, "netTangibleAssets": 355285000, "shortTermInvestments": 22194000, "netReceivables": 820405000, "longTermDebt": 3258108000, "inventory": 1385705000, "accountsPayable": 799368000}, "2021-10-31": {"intangibleAssets": 1822273000, "capitalSurplus": 360336000, "totalLiab": 5717968000, "totalStockholderEquity": 6972883000, "minorityInterest": 5478000, "otherCurrentLiab": 23520000, "totalAssets": 12696329000, "commonStock": 7946000, "otherCurrentAssets": 14943000, "retainedEarnings": 6881870000, "otherLiab": 930388000, "goodWill": 4929102000, "treasuryStock": -277269000, "otherAssets": 516710000, "cash": 613530000, "totalCurrentLiabilities": 1415654000, "shortLongTermDebt": 394000, "otherStockholderEquity": -277269000, "propertyPlantEquipment": 2181409000, "totalCurrentAssets": 2947816000, "longTermInvestments": 299019000, "netTangibleAssets": 221508000, "shortTermInvestments": 21162000, "netReceivables": 904012000, "longTermDebt": 3270510000, "inventory": 1369198000, "accountsPayable": 793310000}, "2021-07-25": {"intangibleAssets": 1863713000, "capitalSurplus": 354162000, "totalLiab": 5538450000, "totalStockholderEquity": 6788284000, "minorityInterest": 5448000, "otherCurrentLiab": 17452000, "totalAssets": 12332182000, "commonStock": 7948000, "otherCurrentAssets": 13533000, "retainedEarnings": 6743701000, "otherLiab": 970997000, "goodWill": 4907073000, "treasuryStock": -317527000, "otherAssets": 501166000, "cash": 291363000, "totalCurrentLiabilities": 1251191000, "shortLongTermDebt": 8732000, "otherStockholderEquity": -317527000, "propertyPlantEquipment": 2067141000, "totalCurrentAssets": 2688672000, "longTermInvestments": 304417000, "netTangibleAssets": 17498000, "shortTermInvestments": 18372000, "netReceivables": 912416000, "longTermDebt": 3261191000, "inventory": 1426738000, "accountsPayable": 654162000}}}, "income": {"annual": {"2021-10-31": {"researchDevelopment": 33600000, "effectOfAccountingCharges": null, "incomeBeforeTax": 1126169000, "minorityInterest": 5478000, "netIncome": 908839000, "sellingGeneralAdministrative": 789168000, "grossProfit": 1961806000, "ebit": 1139038000, "operatingIncome": 1139038000, "otherOperatingExpenses": null, "interestExpense": -43307000, "extraordinaryItems": null, "nonRecurring": null, "otherItems": null, "incomeTaxExpense": 217029000, "totalRevenue": 11386189000, "totalOperatingExpenses": 10247151000, "costOfRevenue": 9424383000, "totalOtherIncomeExpenseNet": -12869000, "discontinuedOperations": null, "netIncomeFromContinuingOps": 909140000, "netIncomeApplicableToCommonShares": 908839000}, "2020-10-25": {"researchDevelopment": 31900000, "effectOfAccountingCharges": null, "incomeBeforeTax": 1114747000, "minorityInterest": 4778000, "netIncome": 908082000, "sellingGeneralAdministrative": 729415000, "grossProfit": 1905964000, "ebit": 1144649000, "operatingIncome": 1144649000, "otherOperatingExpenses": null, "interestExpense": -21069000, "extraordinaryItems": null, "nonRecurring": null, "otherItems": null, "incomeTaxExpense": 206393000, "totalRevenue": 9608462000, "totalOperatingExpenses": 8463813000, "costOfRevenue": 7702498000, "totalOtherIncomeExpenseNet": -29902000, "discontinuedOperations": null, "netIncomeFromContinuingOps": 908354000, "netIncomeApplicableToCommonShares": 908082000}, "2019-10-27": {"researchDevelopment": 32500000, "effectOfAccountingCharges": null, "incomeBeforeTax": 1209715000, "minorityInterest": 4077000, "netIncome": 978806000, "sellingGeneralAdministrative": 711584000, "grossProfit": 1884648000, "ebit": 1140564000, "operatingIncome": 1140564000, "otherOperatingExpenses": null, "interestExpense": -18070000, "extraordinaryItems": null, "nonRecurring": null, "otherItems": null, "incomeTaxExpense": 230567000, "totalRevenue": 9497317000, "totalOperatingExpenses": 8356753000, "costOfRevenue": 7612669000, "totalOtherIncomeExpenseNet": 69151000, "discontinuedOperations": null, "netIncomeFromContinuingOps": 979148000, "netIncomeApplicableToCommonShares": 978806000}, "2018-10-28": {"researchDevelopment": 33800000, "effectOfAccountingCharges": null, "incomeBeforeTax": 1181284000, "minorityInterest": 4007000, "netIncome": 1012140000, "sellingGeneralAdministrative": 807405000, "grossProfit": 1979473000, "ebit": 1138268000, "operatingIncome": 1138268000, "otherOperatingExpenses": null, "interestExpense": -26494000, "extraordinaryItems": null, "nonRecurring": null, "otherItems": null, "incomeTaxExpense": 168702000, "totalRevenue": 9545700000, "totalOperatingExpenses": 8407432000, "costOfRevenue": 7566227000, "totalOtherIncomeExpenseNet": 43016000, "discontinuedOperations": null, "netIncomeFromContinuingOps": 1012582000, "netIncomeApplicableToCommonShares": 1012140000}}, "quarterly": {"2022-05-01": {"researchDevelopment": null, "effectOfAccountingCharges": null, "incomeBeforeTax": 321868000, "minorityInterest": 5812000, "netIncome": 261617000, "sellingGeneralAdministrative": 224659000, "grossProfit": 553471000, "ebit": 328812000, "operatingIncome": 328812000, "otherOperatingExpenses": null, "interestExpense": -14658000, "extraordinaryItems": null, "nonRecurring": null, "otherItems": null, "incomeTaxExpense": 60189000, "totalRevenue": 3096559000, "totalOperatingExpenses": 2767747000, "costOfRevenue": 2543088000, "totalOtherIncomeExpenseNet": -6944000, "discontinuedOperations": null, "netIncomeFromContinuingOps": 261679000, "netIncomeApplicableToCommonShares": 261617000}, "2022-01-30": {"researchDevelopment": null, "effectOfAccountingCharges": null, "incomeBeforeTax": 308904000, "minorityInterest": 5736000, "netIncome": 239571000, "sellingGeneralAdministrative": 225972000, "grossProfit": 538748000, "ebit": 312776000, "operatingIncome": 312776000, "otherOperatingExpenses": null, "interestExpense": -14640000, "extraordinaryItems": null, "nonRecurring": null, "otherItems": null, "incomeTaxExpense": 69194000, "totalRevenue": 3044358000, "totalOperatingExpenses": 2731582000, "costOfRevenue": 2505610000, "totalOtherIncomeExpenseNet": -3872000, "discontinuedOperations": null, "netIncomeFromContinuingOps": 239710000, "netIncomeApplicableToCommonShares": 239571000}, "2021-10-31": {"researchDevelopment": 33600000, "effectOfAccountingCharges": null, "incomeBeforeTax": 352229000, "minorityInterest": 5478000, "netIncome": 281738000, "sellingGeneralAdministrative": 196841000, "grossProfit": 578081000, "ebit": 347640000, "operatingIncome": 347640000, "otherOperatingExpenses": null, "interestExpense": -15589000, "extraordinaryItems": null, "nonRecurring": null, "otherItems": null, "incomeTaxExpense": 70480000, "totalRevenue": 3454751000, "totalOperatingExpenses": 3107111000, "costOfRevenue": 2876670000, "totalOtherIncomeExpenseNet": 4589000, "discontinuedOperations": null, "netIncomeFromContinuingOps": 281749000, "netIncomeApplicableToCommonShares": 281738000}, "2021-07-25": {"researchDevelopment": 33600000, "effectOfAccountingCharges": null, "incomeBeforeTax": 204238000, "minorityInterest": 5448000, "netIncome": 176917000, "sellingGeneralAdministrative": 198822000, "grossProfit": 438248000, "ebit": 239426000, "operatingIncome": 239426000, "otherOperatingExpenses": null, "interestExpense": -11703000, "extraordinaryItems": null, "nonRecurring": null, "otherItems": null, "incomeTaxExpense": 27164000, "totalRevenue": 2863670000, "totalOperatingExpenses": 2624244000, "costOfRevenue": 2425422000, "totalOtherIncomeExpenseNet": -35188000, "discontinuedOperations": null, "netIncomeFromContinuingOps": 177074000, "netIncomeApplicableToCommonShares": 176917000}}}, "cash": {"annual": {"2021-10-31": {"investments": -4707000, "changeToLiabilities": 115099000, "totalCashflowsFromInvestingActivities": -3625839000, "netBorrowings": 2017675000, "totalCashFromFinancingActivities": 1520520000, "changeToOperatingActivities": 19107000, "issuanceOfStock": 45919000, "netIncome": 908839000, "changeInCash": -1100778000, "repurchaseOfStock": -19958000, "effectOfExchangeRate": 2606000, "totalCashFromOperatingActivities": 1001934000, "depreciation": 228406000, "otherCashflowsFromInvestingActivities": 5314000, "dividendsPaid": -523114000, "changeToInventory": -145176000, "changeToAccountReceivables": -191627000, "otherCashflowsFromFinancingActivities": -2000, "changeToNetincome": 30475000, "capitalExpenditures": -232416000}, "2020-10-25": {"investments": -23713000, "changeToLiabilities": 111277000, "totalCashflowsFromInvestingActivities": -656316000, "netBorrowings": 984013000, "totalCashFromFinancingActivities": 566172000, "changeToOperatingActivities": -4649000, "issuanceOfStock": 81818000, "netIncome": 908082000, "changeInCash": 1041407000, "repurchaseOfStock": -12360000, "effectOfExchangeRate": 3526000, "totalCashFromOperatingActivities": 1128024000, "depreciation": 205781000, "otherCashflowsFromInvestingActivities": 3771000, "dividendsPaid": -487376000, "changeToInventory": -1839000, "changeToAccountReceivables": -119516000, "otherCashflowsFromFinancingActivities": 77000, "changeToNetincome": 43174000, "capitalExpenditures": -367501000}, "2019-10-27": {"investments": -20975000, "changeToLiabilities": -44109000, "totalCashflowsFromInvestingActivities": 220153000, "netBorrowings": -374840000, "totalCashFromFinancingActivities": -926244000, "changeToOperatingActivities": -20521000, "issuanceOfStock": 59895000, "netIncome": 978806000, "changeInCash": 213765000, "repurchaseOfStock": -174246000, "effectOfExchangeRate": -3140000, "totalCashFromOperatingActivities": 922996000, "depreciation": 165209000, "otherCashflowsFromInvestingActivities": 17758000, "dividendsPaid": -437053000, "changeToInventory": -123843000, "changeToAccountReceivables": -11146000, "otherCashflowsFromFinancingActivities": 77000, "changeToNetincome": -5471000, "capitalExpenditures": -293838000}, "2018-10-28": {"investments": -7546000, "changeToLiabilities": 48376000, "totalCashflowsFromInvestingActivities": -1235368000, "netBorrowings": 374840000, "totalCashFromFinancingActivities": 11638000, "changeToOperatingActivities": -17987000, "issuanceOfStock": 71803000, "netIncome": 1012140000, "changeInCash": 15014000, "repurchaseOfStock": -46898000, "effectOfExchangeRate": -2985000, "totalCashFromOperatingActivities": 1241729000, "depreciation": 161858000, "otherCashflowsFromInvestingActivities": 9704000, "dividendsPaid": -388107000, "changeToInventory": -8293000, "changeToAccountReceivables": 36133000, "otherCashflowsFromFinancingActivities": 71803000, "changeToNetincome": -8849000, "capitalExpenditures": -389607000}}, "quarterly": {"2022-05-01": {"investments": 2219000, "changeToLiabilities": 39223000, "totalCashflowsFromInvestingActivities": -76131000, "netBorrowings": -2861000, "totalCashFromFinancingActivities": -79982000, "changeToOperatingActivities": -11175000, "issuanceOfStock": 64033000, "netIncome": 261617000, "changeInCash": 37285000, "effectOfExchangeRate": 44000, "totalCashFromOperatingActivities": 193355000, "depreciation": 62156000, "otherCashflowsFromInvestingActivities": 70000, "dividendsPaid": -141154000, "changeToInventory": -210171000, "changeToAccountReceivables": 24218000, "changeToNetincome": 24447000, "capitalExpenditures": -78466000}, "2022-01-30": {"investments": -321000, "changeToLiabilities": -85554000, "totalCashflowsFromInvestingActivities": -49680000, "netBorrowings": -2163000, "totalCashFromFinancingActivities": -124019000, "changeToOperatingActivities": 7610000, "issuanceOfStock": 11053000, "netIncome": 239571000, "changeInCash": 210904000, "effectOfExchangeRate": 846000, "totalCashFromOperatingActivities": 383756000, "depreciation": 64280000, "otherCashflowsFromInvestingActivities": 70000, "dividendsPaid": -132909000, "changeToInventory": -16251000, "changeToAccountReceivables": 85079000, "changeToNetincome": 25523000, "capitalExpenditures": -49747000}, "2021-10-31": {"investments": -4071000, "changeToLiabilities": 145286000, "totalCashflowsFromInvestingActivities": -95519000, "netBorrowings": -2082000, "totalCashFromFinancingActivities": -143385000, "changeToOperatingActivities": -32075000, "issuanceOfStock": 1912000, "netIncome": 281738000, "changeInCash": 322168000, "repurchaseOfStock": -10305000, "effectOfExchangeRate": -3077000, "totalCashFromOperatingActivities": 564148000, "depreciation": 65916000, "otherCashflowsFromInvestingActivities": 1301000, "dividendsPaid": -132908000, "changeToInventory": 57041000, "changeToAccountReceivables": 156000, "otherCashflowsFromFinancingActivities": -2000, "changeToNetincome": 31678000, "capitalExpenditures": -93055000}, "2021-07-25": {"investments": 3685000, "changeToLiabilities": 73251000, "totalCashflowsFromInvestingActivities": -3443064000, "netBorrowings": 2274117000, "totalCashFromFinancingActivities": 2172364000, "changeToOperatingActivities": 2959000, "issuanceOfStock": 30667000, "netIncome": 176917000, "changeInCash": -1193170000, "repurchaseOfStock": -10305000, "effectOfExchangeRate": 1003000, "totalCashFromOperatingActivities": 76527000, "depreciation": 59184000, "otherCashflowsFromInvestingActivities": 3057000, "dividendsPaid": -132419000, "changeToInventory": -47570000, "changeToAccountReceivables": -171960000, "otherCashflowsFromFinancingActivities": -1000, "changeToNetincome": 644000, "capitalExpenditures": -53817000}}}}, "K": {"balance": {"annual": {"2022-01-01": {"intangibleAssets": 2409000000, "capitalSurplus": 1023000000, "totalLiab": 13963000000, "totalStockholderEquity": 3720000000, "minorityInterest": 495000000, "otherCurrentLiab": 756000000, "totalAssets": 18178000000, "commonStock": 105000000, "otherCurrentAssets": 207000000, "retainedEarnings": 9028000000, "otherLiab": 1873000000, "goodWill": 5771000000, "treasuryStock": -6436000000, "otherAssets": 1705000000, "cash": 286000000, "totalCurrentLiabilities": 5315000000, "deferredLongTermAssetCharges": 215000000, "shortLongTermDebt": 719000000, "otherStockholderEquity": -1721000000, "propertyPlantEquipment": 4467000000, "totalCurrentAssets": 3394000000, "longTermInvestments": 432000000, "netTangibleAssets": -4460000000, "netReceivables": 1489000000, "longTermDebt": 6273000000, "inventory": 1398000000, "accountsPayable": 2573000000}, "2021-01-02": {"intangibleAssets": 2491000000, "capitalSurplus": 972000000, "totalLiab": 14360000000, "totalStockholderEquity": 3112000000, "minorityInterest": 524000000, "otherCurrentLiab": 758000000, "totalAssets": 17996000000, "commonStock": 105000000, "otherCurrentAssets": 222000000, "retainedEarnings": 8326000000, "otherLiab": 1834000000, "goodWill": 5799000000, "treasuryStock": -6291000000, "otherAssets": 1389000000, "cash": 435000000, "totalCurrentLiabilities": 5238000000, "deferredLongTermAssetCharges": 254000000, "shortLongTermDebt": 636000000, "otherStockholderEquity": -1732000000, "propertyPlantEquipment": 4371000000, "totalCurrentAssets": 3482000000, "longTermInvestments": 464000000, "netTangibleAssets": -5178000000, "netReceivables": 1537000000, "longTermDebt": 6768000000, "inventory": 1284000000, "accountsPayable": 2471000000}, "2019-12-28": {"intangibleAssets": 2576000000, "capitalSurplus": 921000000, "totalLiab": 14250000000, "totalStockholderEquity": 2747000000, "minorityInterest": 567000000, "otherCurrentLiab": 615000000, "totalAssets": 17564000000, "commonStock": 105000000, "otherCurrentAssets": 225000000, "retainedEarnings": 7859000000, "otherLiab": 1831000000, "goodWill": 5861000000, "treasuryStock": -6138000000, "otherAssets": 1135000000, "cash": 397000000, "totalCurrentLiabilities": 4778000000, "deferredLongTermAssetCharges": 231000000, "shortLongTermDebt": 624000000, "otherStockholderEquity": -1448000000, "propertyPlantEquipment": 4153000000, "totalCurrentAssets": 3431000000, "longTermInvestments": 408000000, "netTangibleAssets": -5690000000, "netReceivables": 1576000000, "longTermDebt": 7208000000, "inventory": 1226000000, "accountsPayable": 2387000000}, "2018-12-29": {"intangibleAssets": 3361000000, "capitalSurplus": 895000000, "totalLiab": 14621000000, "totalStockholderEquity": 2601000000, "minorityInterest": 558000000, "otherCurrentLiab": 550000000, "totalAssets": 17780000000, "commonStock": 105000000, "otherCurrentAssets": 131000000, "retainedEarnings": 7652000000, "otherLiab": 1863000000, "goodWill": 6050000000, "treasuryStock": -6051000000, "otherAssets": 1051000000, "cash": 321000000, "totalCurrentLiabilities": 4529000000, "deferredLongTermAssetCharges": 246000000, "shortLongTermDebt": 510000000, "otherStockholderEquity": -1500000000, "propertyPlantEquipment": 3731000000, "totalCurrentAssets": 3157000000, "longTermInvestments": 430000000, "netTangibleAssets": -6810000000, "netReceivables": 1375000000, "longTermDebt": 8229000000, "inventory": 1330000000, "accountsPayable": 2427000000}}, "quarterly": {"2022-07-02": {"intangibleAssets": 2360000000, "capitalSurplus": 1008000000, "totalLiab": 14379000000, "totalStockholderEquity": 4082000000, "minorityInterest": 476000000, "otherCurrentLiab": 873000000, "totalAssets": 18937000000, "commonStock": 105000000, "otherCurrentAssets": 319000000, "retainedEarnings": 9387000000, "otherLiab": 1924000000, "goodWill": 5744000000, "treasuryStock": -6418000000, "otherAssets": 1812000000, "cash": 323000000, "totalCurrentLiabilities": 6051000000, "shortLongTermDebt": 858000000, "otherStockholderEquity": -1601000000, "propertyPlantEquipment": 4299000000, "totalCurrentAssets": 4261000000, "longTermInvestments": 461000000, "netTangibleAssets": -4022000000, "netReceivables": 1884000000, "longTermDebt": 5902000000, "inventory": 1678000000, "accountsPayable": 2866000000}, "2022-04-02": {"intangibleAssets": 2409000000, "capitalSurplus": 993000000, "totalLiab": 14317000000, "totalStockholderEquity": 3795000000, "minorityInterest": 500000000, "otherCurrentLiab": 759000000, "totalAssets": 18612000000, "commonStock": 105000000, "otherCurrentAssets": 252000000, "retainedEarnings": 9254000000, "otherLiab": 1929000000, "goodWill": 5783000000, "treasuryStock": -6557000000, "otherAssets": 1714000000, "cash": 313000000, "totalCurrentLiabilities": 5848000000, "shortLongTermDebt": 896000000, "otherStockholderEquity": -1611000000, "propertyPlantEquipment": 4454000000, "totalCurrentAssets": 3816000000, "longTermInvestments": 436000000, "netTangibleAssets": -4397000000, "netReceivables": 1687000000, "longTermDebt": 6004000000, "inventory": 1559000000, "accountsPayable": 2705000000}, "2022-01-01": {"intangibleAssets": 2409000000, "capitalSurplus": 1023000000, "totalLiab": 13963000000, "totalStockholderEquity": 3720000000, "minorityInterest": 495000000, "otherCurrentLiab": 756000000, "totalAssets": 18178000000, "commonStock": 105000000, "otherCurrentAssets": 207000000, "retainedEarnings": 9028000000, "otherLiab": 1873000000, "goodWill": 5771000000, "treasuryStock": -6436000000, "otherAssets": 1705000000, "cash": 286000000, "totalCurrentLiabilities": 5315000000, "deferredLongTermAssetCharges": 215000000, "shortLongTermDebt": 719000000, "otherStockholderEquity": -1721000000, "propertyPlantEquipment": 4467000000, "totalCurrentAssets": 3394000000, "longTermInvestments": 432000000, "netTangibleAssets": -4460000000, "netReceivables": 1489000000, "longTermDebt": 6273000000, "inventory": 1398000000, "accountsPayable": 2573000000}, "2021-10-02": {"intangibleAssets": 2441000000, "capitalSurplus": 1005000000, "totalLiab": 14398000000, "totalStockholderEquity": 3484000000, "minorityInterest": 525000000, "otherCurrentLiab": 738000000, "totalAssets": 18407000000, "commonStock": 105000000, "otherCurrentAssets": 251000000, "retainedEarnings": 8796000000, "otherLiab": 1835000000, "goodWill": 5794000000, "treasuryStock": -6422000000, "otherAssets": 1491000000, "cash": 440000000, "totalCurrentLiabilities": 5029000000, "shortLongTermDebt": 23000000, "otherStockholderEquity": -1693000000, "propertyPlantEquipment": 4404000000, "totalCurrentAssets": 3799000000, "longTermInvestments": 478000000, "netTangibleAssets": -4751000000, "netReceivables": 1680000000, "longTermDebt": 7031000000, "inventory": 1378000000, "accountsPayable": 2526000000}}}, "income": {"annual": {"2022-01-01": {"researchDevelopment": null, "effectOfAccountingCharges": null, "incomeBeforeTax": 1969000000, "minorityInterest": 495000000, "netIncome": 1488000000, "sellingGeneralAdministrative": 2575000000, "grossProfit": 4597000000, "ebit": 2022000000, "operatingIncome": 2022000000, "otherOperatingExpenses": null, "interestExpense": -223000000, "extraordinaryItems": null, "nonRecurring": null, "otherItems": null, "incomeTaxExpense": 474000000, "totalRevenue": 14181000000, "totalOperatingExpenses": 12159000000, "costOfRevenue": 9584000000, "totalOtherIncomeExpenseNet": -53000000, "discontinuedOperations": null, "netIncomeFromContinuingOps": 1495000000, "netIncomeApplicableToCommonShares": 1488000000}, "2021-01-02": {"researchDevelopment": null, "effectOfAccountingCharges": null, "incomeBeforeTax": 1587000000, "minorityInterest": 524000000, "netIncome": 1251000000, "sellingGeneralAdministrative": 2885000000, "grossProfit": 4740000000, "ebit": 1855000000, "operatingIncome": 1855000000, "otherOperatingExpenses": null, "interestExpense": -281000000, "extraordinaryItems": null, "nonRecurring": null, "otherItems": null, "incomeTaxExpense": 323000000, "totalRevenue": 13770000000, "totalOperatingExpenses": 11915000000, "costOfRevenue": 9030000000, "totalOtherIncomeExpenseNet": -268000000, "discontinuedOperations": null, "netIncomeFromContinuingOps": 1264000000, "netIncomeApplicableToCommonShares": 1251000000}, "2019-12-28": {"researchDevelopment": null, "effectOfAccountingCharges": null, "incomeBeforeTax": 1298000000, "minorityInterest": 567000000, "netIncome": 960000000, "sellingGeneralAdministrative": 2827000000, "grossProfit": 4433000000, "ebit": 1606000000, "operatingIncome": 1606000000, "otherOperatingExpenses": null, "interestExpense": -284000000, "extraordinaryItems": null, "nonRecurring": null, "otherItems": null, "incomeTaxExpense": 321000000, "totalRevenue": 13578000000, "totalOperatingExpenses": 11972000000, "costOfRevenue": 9145000000, "totalOtherIncomeExpenseNet": -308000000, "discontinuedOperations": null, "netIncomeFromContinuingOps": 977000000, "netIncomeApplicableToCommonShares": 960000000}, "2018-12-29": {"researchDevelopment": null, "effectOfAccountingCharges": null, "incomeBeforeTax": 1525000000, "minorityInterest": 558000000, "netIncome": 1336000000, "sellingGeneralAdministrative": 3022000000, "grossProfit": 4825000000, "ebit": 1803000000, "operatingIncome": 1803000000, "otherOperatingExpenses": null, "interestExpense": -287000000, "extraordinaryItems": null, "nonRecurring": null, "otherItems": null, "incomeTaxExpense": 181000000, "totalRevenue": 13547000000, "totalOperatingExpenses": 11744000000, "costOfRevenue": 8722000000, "totalOtherIncomeExpenseNet": -278000000, "discontinuedOperations": null, "netIncomeFromContinuingOps": 1344000000, "netIncomeApplicableToCommonShares": 1336000000}}, "quarterly": {"2022-07-02": {"researchDevelopment": null, "effectOfAccountingCharges": null, "incomeBeforeTax": 423000000, "minorityInterest": 476000000, "netIncome": 326000000, "sellingGeneralAdministrative": 648000000, "grossProfit": 1145000000, "ebit": 497000000, "operatingIncome": 497000000, "otherOperatingExpenses": null, "interestExpense": -54000000, "extraordinaryItems": null, "nonRecurring": null, "otherItems": null, "incomeTaxExpense": 97000000, "totalRevenue": 3864000000, "totalOperatingExpenses": 3367000000, "costOfRevenue": 2719000000, "totalOtherIncomeExpenseNet": -74000000, "discontinuedOperations": null, "netIncomeFromContinuingOps": 326000000, "netIncomeApplicableToCommonShares": 326000000}, "2022-04-02": {"researchDevelopment": null, "effectOfAccountingCharges": null, "incomeBeforeTax": 536000000, "minorityInterest": 500000000, "netIncome": 422000000, "sellingGeneralAdministrative": 553000000, "grossProfit": 1163000000, "ebit": 610000000, "operatingIncome": 610000000, "otherOperatingExpenses": null, "interestExpense": -56000000, "extraordinaryItems": null, "nonRecurring": null, "otherItems": null, "incomeTaxExpense": 112000000, "totalRevenue": 3672000000, "totalOperatingExpenses": 3062000000, "costOfRevenue": 2509000000, "totalOtherIncomeExpenseNet": -74000000, "discontinuedOperations": null, "netIncomeFromContinuingOps": 424000000, "netIncomeApplicableToCommonShares": 422000000}, "2022-01-01": {"researchDevelopment": null, "effectOfAccountingCharges": null, "incomeBeforeTax": 563000000, "minorityInterest": 495000000, "netIncome": 433000000, "sellingGeneralAdministrative": 603000000, "grossProfit": 1030000000, "ebit": 427000000, "operatingIncome": 427000000, "otherOperatingExpenses": null, "interestExpense": -51000000, "extraordinaryItems": null, "nonRecurring": null, "otherItems": null, "incomeTaxExpense": 129000000, "totalRevenue": 3420000000, "totalOperatingExpenses": 2993000000, "costOfRevenue": 2390000000, "totalOtherIncomeExpenseNet": 136000000, "discontinuedOperations": null, "netIncomeFromContinuingOps": 434000000, "netIncomeApplicableToCommonShares": 433000000}, "2021-10-02": {"researchDevelopment": null, "effectOfAccountingCharges": null, "incomeBeforeTax": 397000000, "minorityInterest": 525000000, "netIncome": 307000000, "sellingGeneralAdministrative": 732000000, "grossProfit": 1175000000, "ebit": 443000000, "operatingIncome": 443000000, "otherOperatingExpenses": null, "interestExpense": -55000000, "extraordinaryItems": null, "nonRecurring": null, "otherItems": null, "incomeTaxExpense": 92000000, "totalRevenue": 3622000000, "totalOperatingExpenses": 3179000000, "costOfRevenue": 2447000000, "totalOtherIncomeExpenseNet": -46000000, "discontinuedOperations": null, "netIncomeFromContinuingOps": 305000000, "netIncomeApplicableToCommonShares": 307000000}}}, "cash": {"annual": {"2022-01-01": {"investments": 1000000, "changeToLiabilities": 194000000, "totalCashflowsFromInvestingActivities": -528000000, "netBorrowings": -306000000, "totalCashFromFinancingActivities": -1306000000, "changeToOperatingActivities": -48000000, "issuanceOfStock": 63000000, "netIncome": 1488000000, "changeInCash": -149000000, "repurchaseOfStock": -240000000, "effectOfExchangeRate": -16000000, "totalCashFromOperatingActivities": 1701000000, "depreciation": 467000000, "otherCashflowsFromInvestingActivities": 24000000, "dividendsPaid": -788000000, "changeToInventory": -135000000, "changeToAccountReceivables": -9000000, "otherCashflowsFromFinancingActivities": -35000000, "changeToNetincome": -256000000, "capitalExpenditures": -553000000}, "2021-01-02": {"investments": -62000000, "changeToLiabilities": -9000000, "totalCashflowsFromInvestingActivities": -585000000, "netBorrowings": -678000000, "totalCashFromFinancingActivities": -1388000000, "changeToOperatingActivities": 216000000, "issuanceOfStock": 112000000, "netIncome": 1251000000, "changeInCash": 38000000, "repurchaseOfStock": -240000000, "effectOfExchangeRate": 25000000, "totalCashFromOperatingActivities": 1986000000, "depreciation": 479000000, "otherCashflowsFromInvestingActivities": -11000000, "dividendsPaid": -782000000, "changeToInventory": -54000000, "changeToAccountReceivables": 75000000, "otherCashflowsFromFinancingActivities": -40000000, "changeToNetincome": 28000000, "capitalExpenditures": -505000000}, "2019-12-28": {"investments": 65000000, "changeToLiabilities": -9000000, "totalCashflowsFromInvestingActivities": 774000000, "netBorrowings": -954000000, "totalCashFromFinancingActivities": -1905000000, "changeToOperatingActivities": 40000000, "issuanceOfStock": 64000000, "netIncome": 960000000, "changeInCash": 76000000, "repurchaseOfStock": -220000000, "effectOfExchangeRate": 31000000, "totalCashFromOperatingActivities": 1176000000, "depreciation": 484000000, "otherCashflowsFromInvestingActivities": -37000000, "dividendsPaid": -769000000, "changeToInventory": 2000000, "changeToAccountReceivables": -145000000, "otherCashflowsFromFinancingActivities": -26000000, "changeToNetincome": -156000000, "capitalExpenditures": -586000000}, "2018-12-29": {"investments": -397000000, "changeToLiabilities": 115000000, "totalCashflowsFromInvestingActivities": -948000000, "netBorrowings": 360000000, "totalCashFromFinancingActivities": -566000000, "changeToOperatingActivities": -154000000, "issuanceOfStock": 167000000, "netIncome": 1336000000, "changeInCash": 40000000, "repurchaseOfStock": -320000000, "effectOfExchangeRate": 18000000, "totalCashFromOperatingActivities": 1536000000, "depreciation": 516000000, "otherCashflowsFromInvestingActivities": 55000000, "dividendsPaid": -762000000, "changeToInventory": -86000000, "changeToAccountReceivables": 76000000, "otherCashflowsFromFinancingActivities": -11000000, "changeToNetincome": -267000000, "capitalExpenditures": -578000000}}, "quarterly": {"2022-07-02": {"changeToLiabilities": 261000000, "totalCashflowsFromInvestingActivities": -206000000, "netBorrowings": -133000000, "totalCashFromFinancingActivities": -212000000, "changeToOperatingActivities": 157000000, "issuanceOfStock": 133000000, "netIncome": 326000000, "changeInCash": 10000000, "effectOfExchangeRate": -50000000, "totalCashFromOperatingActivities": 478000000, "depreciation": 119000000, "otherCashflowsFromInvestingActivities": -77000000, "dividendsPaid": -197000000, "changeToInventory": -146000000, "changeToAccountReceivables": -159000000, "otherCashflowsFromFinancingActivities": -15000000, "changeToNetincome": -80000000, "capitalExpenditures": -129000000}, "2022-04-02": {"investments": -1000000, "changeToLiabilities": 207000000, "totalCashflowsFromInvestingActivities": -112000000, "netBorrowings": 288000000, "totalCashFromFinancingActivities": -171000000, "changeToOperatingActivities": -85000000, "issuanceOfStock": 40000000, "netIncome": 422000000, "changeInCash": 27000000, "repurchaseOfStock": -300000000, "effectOfExchangeRate": -17000000, "totalCashFromOperatingActivities": 327000000, "depreciation": 119000000, "otherCashflowsFromInvestingActivities": 27000000, "dividendsPaid": -197000000, "changeToInventory": -160000000, "changeToAccountReceivables": -184000000, "otherCashflowsFromFinancingActivities": -2000000, "changeToNetincome": 8000000, "capitalExpenditures": -138000000}, "2022-01-01": {"investments": -2000000, "changeToLiabilities": -4000000, "totalCashflowsFromInvestingActivities": -143000000, "netBorrowings": -364000000, "totalCashFromFinancingActivities": -566000000, "changeToOperatingActivities": 11000000, "issuanceOfStock": 13000000, "netIncome": 433000000, "changeInCash": -154000000, "repurchaseOfStock": -300000000, "effectOfExchangeRate": -1000000, "totalCashFromOperatingActivities": 556000000, "depreciation": 121000000, "otherCashflowsFromInvestingActivities": 4000000, "dividendsPaid": -198000000, "changeToInventory": -32000000, "changeToAccountReceivables": 187000000, "otherCashflowsFromFinancingActivities": -17000000, "changeToNetincome": -160000000, "capitalExpenditures": -145000000}, "2021-10-02": {"investments": 13000000, "changeToLiabilities": 59000000, "totalCashflowsFromInvestingActivities": -55000000, "netBorrowings": -137000000, "totalCashFromFinancingActivities": -339000000, "changeToOperatingActivities": 99000000, "issuanceOfStock": 12000000, "netIncome": 307000000, "changeInCash": 45000000, "repurchaseOfStock": -300000000, "effectOfExchangeRate": -19000000, "totalCashFromOperatingActivities": 458000000, "depreciation": 114000000, "otherCashflowsFromInvestingActivities": 39000000, "dividendsPaid": -198000000, "changeToInventory": -14000000, "changeToAccountReceivables": -58000000, "otherCashflowsFromFinancingActivities": -16000000, "changeToNetincome": -49000000, "capitalExpenditures": -107000000}}}}, "MKC": {"balance": {"annual": {"2021-11-30": {"intangibleAssets": 3593600000, "totalLiab": 8480300000, "totalStockholderEquity": 4411000000, "minorityInterest": 14500000, "otherCurrentLiab": 109800000, "totalAssets": 12905800000, "commonStock": 2055100000, "otherCurrentAssets": 70600000, "retainedEarnings": 2782400000, "otherLiab": 1177100000, "goodWill": 5335800000, "treasuryStock": -426500000, "otherAssets": 202200000, "cash": 351700000, "totalCurrentLiabilities": 3223800000, "shortLongTermDebt": 762800000, "otherStockholderEquity": -426500000, "propertyPlantEquipment": 1277100000, "totalCurrentAssets": 2195800000, "longTermInvestments": 301300000, "netTangibleAssets": -4518400000, "netReceivables": 549500000, "longTermDebt": 3855100000, "inventory": 1182300000, "accountsPayable": 1064200000}, "2020-11-30": {"intangibleAssets": 3355400000, "totalLiab": 8149700000, "totalStockholderEquity": 3926100000, "minorityInterest": 13900000, "otherCurrentLiab": 117700000, "totalAssets": 12089700000, "commonStock": 1981300000, "otherCurrentAssets": 60900000, "retainedEarnings": 2415600000, "otherLiab": 1245900000, "goodWill": 4986300000, "treasuryStock": -470800000, "otherAssets": 176300000, "cash": 423600000, "totalCurrentLiabilities": 3046500000, "shortLongTermDebt": 256600000, "otherStockholderEquity": -470800000, "propertyPlantEquipment": 1165200000, "totalCurrentAssets": 2083600000, "longTermInvestments": 322900000, "netTangibleAssets": -4415600000, "netReceivables": 528500000, "longTermDebt": 3628300000, "inventory": 1032600000, "accountsPayable": 1032300000}, "2019-11-30": {"intangibleAssets": 2923400000, "totalLiab": 6905400000, "totalStockholderEquity": 3444200000, "minorityInterest": 12500000, "otherCurrentLiab": 86000000, "totalAssets": 10362100000, "commonStock": 1888600000, "otherCurrentAssets": 54700000, "retainedEarnings": 2055800000, "otherLiab": 1125200000, "goodWill": 4505200000, "treasuryStock": -500200000, "otherAssets": 120300000, "cash": 155400000, "totalCurrentLiabilities": 2154400000, "shortLongTermDebt": 90900000, "otherStockholderEquity": -500200000, "propertyPlantEquipment": 952600000, "totalCurrentAssets": 1550200000, "longTermInvestments": 310400000, "netTangibleAssets": -3984400000, "netReceivables": 502900000, "longTermDebt": 3494900000, "inventory": 801200000, "accountsPayable": 846900000}, "2018-11-30": {"intangibleAssets": 2916900000, "totalLiab": 7074200000, "totalStockholderEquity": 3170900000, "minorityInterest": 11300000, "totalAssets": 10256400000, "commonStock": 1770600000, "otherCurrentAssets": 51700000, "retainedEarnings": 1760200000, "otherLiab": 1019600000, "goodWill": 4527900000, "treasuryStock": -359900000, "otherAssets": 102200000, "cash": 96600000, "totalCurrentLiabilities": 2001700000, "shortLongTermDebt": 83500000, "otherStockholderEquity": -359900000, "propertyPlantEquipment": 941500000, "totalCurrentAssets": 1479900000, "longTermInvestments": 288000000, "netTangibleAssets": -4273900000, "netReceivables": 518100000, "longTermDebt": 3914300000, "inventory": 786300000, "accountsPayable": 710000000}}, "quarterly": {"2022-05-31": {"intangibleAssets": 3419700000, "totalLiab": 8342800000, "totalStockholderEquity": 4598200000, "minorityInterest": 16900000, "otherCurrentLiab": 10700000, "totalAssets": 12957900000, "commonStock": 2119200000, "otherCurrentAssets": 7100000, "retainedEarnings": 2933600000, "otherLiab": 1272700000, "goodWill": 5300200000, "treasuryStock": -454600000, "otherAssets": 777200000, "cash": 325800000, "totalCurrentLiabilities": 3133000000, "shortLongTermDebt": 770800000, "otherStockholderEquity": -454600000, "propertyPlantEquipment": 1136100000, "totalCurrentAssets": 2324700000, "netTangibleAssets": -4121700000, "netReceivables": 493100000, "longTermDebt": 3937100000, "inventory": 1344600000, "accountsPayable": 1126400000}, "2022-02-28": {"intangibleAssets": 3443700000, "totalLiab": 8326600000, "totalStockholderEquity": 4597700000, "minorityInterest": 16500000, "otherCurrentLiab": 16900000, "totalAssets": 12940800000, "commonStock": 2091300000, "otherCurrentAssets": 7700000, "retainedEarnings": 2922400000, "otherLiab": 1285400000, "goodWill": 5333400000, "treasuryStock": -416000000, "otherAssets": 788800000, "cash": 338400000, "totalCurrentLiabilities": 3076700000, "shortLongTermDebt": 770800000, "otherStockholderEquity": -416000000, "propertyPlantEquipment": 1135900000, "totalCurrentAssets": 2239000000, "longTermInvestments": 788800000, "netTangibleAssets": -4179400000, "netReceivables": 516700000, "longTermDebt": 3964500000, "inventory": 1244200000, "accountsPayable": 1072600000}, "2021-11-30": {"intangibleAssets": 3593600000, "totalLiab": 8480300000, "totalStockholderEquity": 4411000000, "minorityInterest": 14500000, "otherCurrentLiab": 109800000, "totalAssets": 12905800000, "commonStock": 2055100000, "otherCurrentAssets": 70600000, "retainedEarnings": 2782400000, "otherLiab": 1177100000, "goodWill": 5335800000, "treasuryStock": -426500000, "otherAssets": 202200000, "cash": 351700000, "totalCurrentLiabilities": 3223800000, "shortLongTermDebt": 762800000, "otherStockholderEquity": -426500000, "propertyPlantEquipment": 1277100000, "totalCurrentAssets": 2195800000, "longTermInvestments": 301300000, "netTangibleAssets": -4518400000, "netReceivables": 549500000, "longTermDebt": 3855100000, "inventory": 1182300000, "accountsPayable": 1064200000}, "2021-08-31": {"intangibleAssets": 3478300000, "totalLiab": 8481300000, "totalStockholderEquity": 4386500000, "minorityInterest": 16600000, "otherCurrentLiab": 18800000, "totalAssets": 12884400000, "commonStock": 2042100000, "otherCurrentAssets": 6200000, "retainedEarnings": 2780000000, "otherLiab": 1335000000, "goodWill": 5379500000, "treasuryStock": -435600000, "otherAssets": 752200000, "cash": 312600000, "totalCurrentLiabilities": 3161300000, "shortLongTermDebt": 768500000, "otherStockholderEquity": -435600000, "propertyPlantEquipment": 1113500000, "totalCurrentAssets": 2160900000, "netTangibleAssets": -4471300000, "netReceivables": 541000000, "longTermDebt": 3985000000, "inventory": 1202400000, "accountsPayable": 1023100000}}}, "income": {"annual": {"2021-11-30": {"researchDevelopment": 87300000, "effectOfAccountingCharges": null, "incomeBeforeTax": 948000000, "minorityInterest": 14500000, "netIncome": 755300000, "sellingGeneralAdministrative": 1310400000, "grossProfit": 2505600000, "ebit": 1107900000, "operatingIncome": 1107900000, "otherOperatingExpenses": null, "interestExpense": -136600000, "extraordinaryItems": null, "nonRecurring": null, "otherItems": null, "incomeTaxExpense": 192700000, "totalRevenue": 6317900000, "totalOperatingExpenses": 5210000000, "costOfRevenue": 3812300000, "totalOtherIncomeExpenseNet": -159900000, "discontinuedOperations": null, "netIncomeFromContinuingOps": 755300000, "netIncomeApplicableToCommonShares": 755300000}, "2020-11-30": {"researchDevelopment": 68600000, "effectOfAccountingCharges": null, "incomeBeforeTax": 922300000, "minorityInterest": 13900000, "netIncome": 747400000, "sellingGeneralAdministrative": 1203000000, "grossProfit": 2300400000, "ebit": 1028800000, "operatingIncome": 1028800000, "otherOperatingExpenses": null, "interestExpense": -135600000, "extraordinaryItems": null, "nonRecurring": null, "otherItems": null, "incomeTaxExpense": 174900000, "totalRevenue": 5601300000, "totalOperatingExpenses": 4572500000, "costOfRevenue": 3300900000, "totalOtherIncomeExpenseNet": -106500000, "discontinuedOperations": null, "netIncomeFromContinuingOps": 747400000, "netIncomeApplicableToCommonShares": 747400000}, "2019-11-30": {"researchDevelopment": 67300000, "effectOfAccountingCharges": null, "incomeBeforeTax": 860100000, "minorityInterest": 12500000, "netIncome": 702700000, "sellingGeneralAdministrative": 1081800000, "grossProfit": 2145300000, "ebit": 996200000, "operatingIncome": 996200000, "otherOperatingExpenses": null, "interestExpense": -165200000, "extraordinaryItems": null, "nonRecurring": null, "otherItems": null, "incomeTaxExpense": 157400000, "totalRevenue": 5347400000, "totalOperatingExpenses": 4351200000, "costOfRevenue": 3202100000, "totalOtherIncomeExpenseNet": -136100000, "discontinuedOperations": null, "netIncomeFromContinuingOps": 702700000, "netIncomeApplicableToCommonShares": 702700000}, "2018-11-30": {"researchDevelopment": 69400000, "effectOfAccountingCharges": null, "incomeBeforeTax": 776100000, "minorityInterest": 11300000, "netIncome": 933400000, "sellingGeneralAdministrative": 1081800000, "grossProfit": 2093300000, "ebit": 942100000, "operatingIncome": 942100000, "otherOperatingExpenses": null, "interestExpense": -174600000, "extraordinaryItems": null, "nonRecurring": null, "otherItems": null, "incomeTaxExpense": -157300000, "totalRevenue": 5302800000, "totalOperatingExpenses": 4360700000, "costOfRevenue": 3209500000, "totalOtherIncomeExpenseNet": -166000000, "discontinuedOperations": null, "netIncomeFromContinuingOps": 933400000, "netIncomeApplicableToCommonShares": 933400000}}, "quarterly": {"2022-05-31": {"researchDevelopment": null, "effectOfAccountingCharges": null, "incomeBeforeTax": 140200000, "minorityInterest": 16900000, "netIncome": 118500000, "sellingGeneralAdministrative": 346600000, "grossProfit": 523000000, "ebit": 176400000, "operatingIncome": 176400000, "otherOperatingExpenses": null, "interestExpense": -33700000, "extraordinaryItems": null, "nonRecurring": null, "otherItems": null, "incomeTaxExpense": 21700000, "totalRevenue": 1536800000, "totalOperatingExpenses": 1360400000, "costOfRevenue": 1013800000, "totalOtherIncomeExpenseNet": -36200000, "discontinuedOperations": null, "netIncomeFromContinuingOps": 118500000, "netIncomeApplicableToCommonShares": 118500000}, "2022-02-28": {"researchDevelopment": null, "effectOfAccountingCharges": null, "incomeBeforeTax": 189300000, "minorityInterest": 16500000, "netIncome": 154900000, "sellingGeneralAdministrative": 330800000, "grossProfit": 560400000, "ebit": 229600000, "operatingIncome": 229600000, "otherOperatingExpenses": null, "interestExpense": -33100000, "extraordinaryItems": null, "nonRecurring": null, "otherItems": null, "incomeTaxExpense": 34400000, "totalRevenue": 1522400000, "totalOperatingExpenses": 1292800000, "costOfRevenue": 962000000, "totalOtherIncomeExpenseNet": -40300000, "discontinuedOperations": null, "netIncomeFromContinuingOps": 154900000, "netIncomeApplicableToCommonShares": 154900000}, "2021-11-30": {"researchDevelopment": 87300000, "effectOfAccountingCharges": null, "incomeBeforeTax": 254600000, "minorityInterest": 14500000, "netIncome": 197400000, "sellingGeneralAdministrative": 309900000, "grossProfit": 707600000, "ebit": 310400000, "operatingIncome": 310400000, "otherOperatingExpenses": null, "interestExpense": -33300000, "extraordinaryItems": null, "nonRecurring": null, "otherItems": null, "incomeTaxExpense": 57200000, "totalRevenue": 1730300000, "totalOperatingExpenses": 1419900000, "costOfRevenue": 1022700000, "totalOtherIncomeExpenseNet": -55800000, "discontinuedOperations": null, "netIncomeFromContinuingOps": 197400000, "netIncomeApplicableToCommonShares": 197400000}, "2021-08-31": {"researchDevelopment": 87300000, "effectOfAccountingCharges": null, "incomeBeforeTax": 243900000, "minorityInterest": 16600000, "netIncome": 212400000, "sellingGeneralAdministrative": 325800000, "grossProfit": 599600000, "ebit": 273800000, "operatingIncome": 273800000, "otherOperatingExpenses": null, "interestExpense": -33900000, "extraordinaryItems": null, "nonRecurring": null, "otherItems": null, "incomeTaxExpense": 31500000, "totalRevenue": 1549400000, "totalOperatingExpenses": 1275600000, "costOfRevenue": 949800000, "totalOtherIncomeExpenseNet": -29900000, "discontinuedOperations": null, "netIncomeFromContinuingOps": 212400000, "netIncomeApplicableToCommonShares": 212400000}}}, "cash": {"annual": {"2021-11-30": {"investments": 65400000, "changeToLiabilities": 34900000, "totalCashflowsFromInvestingActivities": -908600000, "netBorrowings": 397700000, "totalCashFromFinancingActivities": 22000000, "changeToOperatingActivities": -81400000, "issuanceOfStock": 13500000, "netIncome": 755300000, "changeInCash": -71900000, "repurchaseOfStock": -24000000, "effectOfExchangeRate": -13600000, "totalCashFromOperatingActivities": 828300000, "depreciation": 173700000, "otherCashflowsFromInvestingActivities": 10400000, "dividendsPaid": -363300000, "changeToInventory": -153700000, "changeToAccountReceivables": -22600000, "otherCashflowsFromFinancingActivities": -1900000, "changeToNetincome": 109500000, "capitalExpenditures": -278000000}, "2020-11-30": {"investments": 65400000, "changeToLiabilities": 164200000, "totalCashflowsFromInvestingActivities": -1025600000, "netBorrowings": 555800000, "totalCashFromFinancingActivities": 220900000, "changeToOperatingActivities": 133800000, "issuanceOfStock": 56600000, "netIncome": 747400000, "changeInCash": 268200000, "repurchaseOfStock": -60300000, "effectOfExchangeRate": 31600000, "totalCashFromOperatingActivities": 1041300000, "depreciation": 152600000, "otherCashflowsFromInvestingActivities": 2700000, "dividendsPaid": -330100000, "changeToInventory": -200200000, "changeToAccountReceivables": 4800000, "otherCashflowsFromFinancingActivities": -1100000, "changeToNetincome": 26300000, "capitalExpenditures": -225300000}, "2019-11-30": {"investments": 65400000, "changeToLiabilities": 128200000, "totalCashflowsFromInvestingActivities": -171000000, "netBorrowings": -406700000, "totalCashFromFinancingActivities": -725800000, "changeToOperatingActivities": -81500000, "issuanceOfStock": 90900000, "netIncome": 702700000, "changeInCash": 58800000, "repurchaseOfStock": -107800000, "effectOfExchangeRate": 8800000, "totalCashFromOperatingActivities": 946800000, "depreciation": 145100000, "otherCashflowsFromInvestingActivities": 2700000, "dividendsPaid": -302200000, "changeToInventory": -20900000, "changeToAccountReceivables": 12200000, "otherCashflowsFromFinancingActivities": -1100000, "changeToNetincome": 47300000, "capitalExpenditures": -173700000}, "2018-11-30": {"investments": 65400000, "changeToLiabilities": 72800000, "totalCashflowsFromInvestingActivities": -158500000, "netBorrowings": -466500000, "totalCashFromFinancingActivities": -751100000, "changeToOperatingActivities": -91800000, "issuanceOfStock": 78200000, "netIncome": 933400000, "changeInCash": -90200000, "repurchaseOfStock": -73900000, "effectOfExchangeRate": -1800000, "totalCashFromOperatingActivities": 821200000, "depreciation": 136700000, "otherCashflowsFromInvestingActivities": 14800000, "dividendsPaid": -273400000, "changeToInventory": -10000000, "changeToAccountReceivables": 19800000, "otherCashflowsFromFinancingActivities": -15500000, "changeToNetincome": -253700000, "capitalExpenditures": -169100000}}, "quarterly": {"2022-05-31": {"changeToLiabilities": 61300000, "totalCashflowsFromInvestingActivities": -45500000, "netBorrowings": 18900000, "totalCashFromFinancingActivities": -86100000, "changeToOperatingActivities": -17200000, "issuanceOfStock": 5800000, "netIncome": 118500000, "changeInCash": -12600000, "repurchaseOfStock": -11600000, "effectOfExchangeRate": -17500000, "totalCashFromOperatingActivities": 136500000, "depreciation": 49200000, "otherCashflowsFromInvestingActivities": 300000, "dividendsPaid": -99200000, "changeToInventory": -110600000, "changeToAccountReceivables": 14100000, "changeToNetincome": 21200000, "capitalExpenditures": -57900000}, "2022-02-28": {"changeToLiabilities": 5200000, "totalCashflowsFromInvestingActivities": -43700000, "netBorrowings": 93800000, "totalCashFromFinancingActivities": 4400000, "changeToOperatingActivities": -185500000, "issuanceOfStock": 30300000, "netIncome": 154900000, "changeInCash": -13300000, "repurchaseOfStock": -20700000, "effectOfExchangeRate": 8100000, "totalCashFromOperatingActivities": 17900000, "depreciation": 49000000, "otherCashflowsFromInvestingActivities": 300000, "dividendsPaid": -99000000, "changeToInventory": -49900000, "changeToAccountReceivables": 33200000, "changeToNetincome": 11000000, "capitalExpenditures": -43700000}, "2021-11-30": {"changeToLiabilities": 51600000, "totalCashflowsFromInvestingActivities": -78000000, "netBorrowings": -229600000, "totalCashFromFinancingActivities": -325000000, "changeToOperatingActivities": 113800000, "issuanceOfStock": 3000000, "netIncome": 197400000, "changeInCash": 39100000, "repurchaseOfStock": -7500000, "effectOfExchangeRate": -13300000, "totalCashFromOperatingActivities": 455400000, "depreciation": 34600000, "otherCashflowsFromInvestingActivities": 10100000, "dividendsPaid": -90900000, "changeToInventory": 2800000, "changeToAccountReceivables": -23900000, "changeToNetincome": 66500000, "capitalExpenditures": -88100000}, "2021-08-31": {"changeToLiabilities": -16700000, "totalCashflowsFromInvestingActivities": -77000000, "netBorrowings": 58700000, "totalCashFromFinancingActivities": -30900000, "changeToOperatingActivities": 52200000, "issuanceOfStock": 4300000, "netIncome": 212400000, "changeInCash": 20800000, "repurchaseOfStock": -3100000, "effectOfExchangeRate": -15500000, "totalCashFromOperatingActivities": 144200000, "depreciation": 47200000, "otherCashflowsFromInvestingActivities": 100000, "dividendsPaid": -90800000, "changeToInventory": -156500000, "changeToAccountReceivables": 1300000, "changeToNetincome": 4300000, "capitalExpenditures": -77100000}}}}, "CAG": {"balance": {"annual": {"2022-05-29": {"intangibleAssets": 3853100000, "capitalSurplus": 2324600000, "totalLiab": 13572900000, "totalStockholderEquity": 8787700000, "minorityInterest": 74500000, "otherCurrentLiab": 31700000, "totalAssets": 22435100000, "commonStock": 2921200000, "otherCurrentAssets": 38000000, "retainedEarnings": 6550700000, "otherLiab": 1768900000, "goodWill": 11329200000, "treasuryStock": -3008800000, "otherAssets": 379300000, "cash": 83300000, "totalCurrentLiabilities": 3518800000, "shortLongTermDebt": 686700000, "otherStockholderEquity": -11200000, "propertyPlantEquipment": 2921500000, "totalCurrentAssets": 3033700000, "longTermInvestments": 918300000, "netTangibleAssets": -6394600000, "netReceivables": 867400000, "longTermDebt": 7977500000, "inventory": 1939700000, "accountsPayable": 1864600000}, "2021-05-30": {"intangibleAssets": 4124600000, "capitalSurplus": 2342100000, "totalLiab": 13564200000, "totalStockholderEquity": 8551800000, "minorityInterest": 79600000, "otherCurrentLiab": 13900000, "totalAssets": 22195600000, "commonStock": 2921200000, "otherCurrentAssets": 41800000, "retainedEarnings": 6262600000, "otherLiab": 1797700000, "goodWill": 11338900000, "treasuryStock": -2974100000, "otherAssets": 432400000, "cash": 79200000, "totalCurrentLiabilities": 3306200000, "otherStockholderEquity": 5800000, "propertyPlantEquipment": 2755800000, "totalCurrentAssets": 2702100000, "longTermInvestments": 841800000, "netTangibleAssets": -6911700000, "netReceivables": 793900000, "longTermDebt": 8159200000, "inventory": 1709700000, "accountsPayable": 1655900000}, "2020-05-31": {"intangibleAssets": 4302400000, "capitalSurplus": 2323200000, "totalLiab": 14353300000, "totalStockholderEquity": 7876100000, "minorityInterest": 74600000, "otherCurrentLiab": 20400000, "totalAssets": 22304000000, "commonStock": 2921200000, "otherCurrentAssets": 22200000, "retainedEarnings": 5471200000, "otherLiab": 1959000000, "goodWill": 11361500000, "treasuryStock": -2839500000, "otherAssets": 380800000, "cash": 553300000, "totalCurrentLiabilities": 3287400000, "shortLongTermDebt": 823300000, "otherStockholderEquity": -109600000, "propertyPlantEquipment": 2574700000, "totalCurrentAssets": 2885900000, "longTermInvestments": 798700000, "netTangibleAssets": -7787800000, "netReceivables": 860800000, "longTermDebt": 8767900000, "inventory": 1364800000, "accountsPayable": 1507100000}, "2019-05-26": {"intangibleAssets": 4539300000, "capitalSurplus": 2286000000, "totalLiab": 14750100000, "totalStockholderEquity": 7384600000, "minorityInterest": 79100000, "otherCurrentLiab": 6500000, "totalAssets": 22213800000, "commonStock": 2921200000, "otherCurrentAssets": 42700000, "retainedEarnings": 5047900000, "otherLiab": 1951800000, "goodWill": 11435400000, "treasuryStock": -2870500000, "otherAssets": 381600000, "cash": 236600000, "totalCurrentLiabilities": 2142600000, "shortLongTermDebt": 20600000, "otherStockholderEquity": -110300000, "propertyPlantEquipment": 2327400000, "totalCurrentAssets": 2733800000, "longTermInvestments": 796300000, "netTangibleAssets": -8590100000, "netReceivables": 818200000, "longTermDebt": 10510900000, "inventory": 1548900000, "accountsPayable": 1252100000}}, "quarterly": {"2022-05-29": {"intangibleAssets": 3853100000, "capitalSurplus": 2324600000, "totalLiab": 13572900000, "totalStockholderEquity": 8787700000, "minorityInterest": 74500000, "otherCurrentLiab": 31700000, "totalAssets": 22435100000, "commonStock": 2921200000, "otherCurrentAssets": 38000000, "retainedEarnings": 6550700000, "otherLiab": 1768900000, "goodWill": 11329200000, "treasuryStock": -3008800000, "otherAssets": 379300000, "cash": 83300000, "totalCurrentLiabilities": 3518800000, "shortLongTermDebt": 686700000, "otherStockholderEquity": -11200000, "propertyPlantEquipment": 2921500000, "totalCurrentAssets": 3033700000, "longTermInvestments": 918300000, "netTangibleAssets": -6394600000, "netReceivables": 867400000, "longTermDebt": 7977500000, "inventory": 1939700000, "accountsPayable": 1864600000}, "2022-02-27": {"intangibleAssets": 4077600000, "capitalSurplus": 2328200000, "totalLiab": 13646000000, "totalStockholderEquity": 8774600000, "minorityInterest": 78700000, "otherCurrentLiab": 12900000, "totalAssets": 22499300000, "commonStock": 2921200000, "otherCurrentAssets": 40100000, "retainedEarnings": 6541200000, "otherLiab": 2032300000, "goodWill": 11332400000, "treasuryStock": -3016000000, "otherAssets": 1519200000, "cash": 79700000, "totalCurrentLiabilities": 3524600000, "shortLongTermDebt": 706300000, "otherStockholderEquity": -13300000, "propertyPlantEquipment": 2655500000, "totalCurrentAssets": 2914600000, "netTangibleAssets": -6635400000, "netReceivables": 914500000, "longTermDebt": 8089100000, "inventory": 1766500000, "accountsPayable": 1593900000}, "2021-11-28": {"intangibleAssets": 4092200000, "capitalSurplus": 2317100000, "totalLiab": 13835100000, "totalStockholderEquity": 8679000000, "minorityInterest": 77900000, "otherCurrentLiab": 16100000, "totalAssets": 22592000000, "commonStock": 2921200000, "otherCurrentAssets": 32700000, "retainedEarnings": 6473300000, "otherLiab": 1774800000, "goodWill": 11332000000, "treasuryStock": -3032600000, "otherAssets": 1505700000, "cash": 68700000, "totalCurrentLiabilities": 3277000000, "otherStockholderEquity": -24800000, "propertyPlantEquipment": 2622800000, "totalCurrentAssets": 3039300000, "netTangibleAssets": -6745200000, "netReceivables": 977200000, "longTermDebt": 8389300000, "inventory": 1858700000, "accountsPayable": 1596900000}, "2021-08-29": {"intangibleAssets": 4140700000, "capitalSurplus": 2305000000, "totalLiab": 13904000000, "totalStockholderEquity": 8557000000, "minorityInterest": 78900000, "otherCurrentLiab": 24000000, "totalAssets": 22539900000, "commonStock": 2921200000, "otherCurrentAssets": 13900000, "retainedEarnings": 6348300000, "otherLiab": 1773300000, "goodWill": 11369200000, "treasuryStock": -3017500000, "otherAssets": 1411600000, "cash": 67000000, "totalCurrentLiabilities": 3090300000, "otherStockholderEquity": -9400000, "propertyPlantEquipment": 2646200000, "totalCurrentAssets": 2972200000, "netTangibleAssets": -6952900000, "netReceivables": 834400000, "longTermDebt": 8657800000, "inventory": 1954600000, "accountsPayable": 1674400000}}}, "income": {"annual": {"2022-05-29": {"researchDevelopment": null, "effectOfAccountingCharges": null, "incomeBeforeTax": 1178700000, "minorityInterest": 74500000, "netIncome": 888200000, "sellingGeneralAdministrative": 1134200000, "grossProfit": 2860600000, "ebit": 1726400000, "operatingIncome": 1726400000, "otherOperatingExpenses": null, "interestExpense": -382000000, "extraordinaryItems": null, "nonRecurring": null, "otherItems": null, "incomeTaxExpense": 290500000, "totalRevenue": 11535900000, "totalOperatingExpenses": 9809500000, "costOfRevenue": 8675300000, "totalOtherIncomeExpenseNet": -547700000, "discontinuedOperations": null, "netIncomeFromContinuingOps": 888200000, "netIncomeApplicableToCommonShares": 888200000}, "2021-05-30": {"researchDevelopment": null, "effectOfAccountingCharges": null, "incomeBeforeTax": 1494700000, "minorityInterest": 79600000, "netIncome": 1298800000, "sellingGeneralAdministrative": 1211100000, "grossProfit": 3179200000, "ebit": 1968100000, "operatingIncome": 1968100000, "otherOperatingExpenses": null, "interestExpense": -422300000, "extraordinaryItems": null, "nonRecurring": null, "otherItems": null, "incomeTaxExpense": 193800000, "totalRevenue": 11184700000, "totalOperatingExpenses": 9216600000, "costOfRevenue": 8005500000, "totalOtherIncomeExpenseNet": -473400000, "discontinuedOperations": null, "netIncomeFromContinuingOps": 1300900000, "netIncomeApplicableToCommonShares": 1298800000}, "2020-05-31": {"researchDevelopment": null, "effectOfAccountingCharges": null, "incomeBeforeTax": 1043100000, "minorityInterest": 74600000, "netIncome": 840100000, "sellingGeneralAdministrative": 1612600000, "grossProfit": 3069600000, "ebit": 1457000000, "operatingIncome": 1457000000, "otherOperatingExpenses": null, "interestExpense": -490200000, "extraordinaryItems": null, "nonRecurring": null, "otherItems": null, "incomeTaxExpense": 201300000, "totalRevenue": 11054400000, "totalOperatingExpenses": 9597400000, "costOfRevenue": 7984800000, "totalOtherIncomeExpenseNet": -413900000, "discontinuedOperations": null, "netIncomeFromContinuingOps": 841800000, "netIncomeApplicableToCommonShares": 840100000}, "2019-05-26": {"researchDevelopment": null, "effectOfAccountingCharges": null, "incomeBeforeTax": 899100000, "minorityInterest": 79100000, "netIncome": 678300000, "sellingGeneralAdministrative": 1348700000, "grossProfit": 2653000000, "ebit": 1304300000, "operatingIncome": 1304300000, "otherOperatingExpenses": null, "interestExpense": -386300000, "extraordinaryItems": null, "nonRecurring": null, "otherItems": null, "incomeTaxExpense": 218800000, "totalRevenue": 9538400000, "totalOperatingExpenses": 8234100000, "costOfRevenue": 6885400000, "totalOtherIncomeExpenseNet": -405200000, "discontinuedOperations": -1900000, "netIncomeFromContinuingOps": 680300000, "netIncomeApplicableToCommonShares": 678300000}}, "quarterly": {"2022-05-29": {"researchDevelopment": null, "effectOfAccountingCharges": null, "incomeBeforeTax": 184400000, "minorityInterest": 74500000, "netIncome": 158900000, "sellingGeneralAdministrative": 261500000, "grossProfit": 713300000, "ebit": 451800000, "operatingIncome": 451800000, "otherOperatingExpenses": null, "interestExpense": -97200000, "extraordinaryItems": null, "nonRecurring": null, "otherItems": null, "incomeTaxExpense": 26700000, "totalRevenue": 2910000000, "totalOperatingExpenses": 2458200000, "costOfRevenue": 2196700000, "totalOtherIncomeExpenseNet": -267400000, "discontinuedOperations": null, "netIncomeFromContinuingOps": 157700000, "netIncomeApplicableToCommonShares": 158900000}, "2022-02-27": {"researchDevelopment": null, "effectOfAccountingCharges": null, "incomeBeforeTax": 328800000, "minorityInterest": 78700000, "netIncome": 218400000, "sellingGeneralAdministrative": 285900000, "grossProfit": 702800000, "ebit": 416900000, "operatingIncome": 416900000, "otherOperatingExpenses": null, "interestExpense": -95100000, "extraordinaryItems": null, "nonRecurring": null, "otherItems": null, "incomeTaxExpense": 109900000, "totalRevenue": 2913700000, "totalOperatingExpenses": 2496800000, "costOfRevenue": 2210900000, "totalOtherIncomeExpenseNet": -88100000, "discontinuedOperations": null, "netIncomeFromContinuingOps": 218900000, "netIncomeApplicableToCommonShares": 218400000}, "2021-11-28": {"researchDevelopment": null, "effectOfAccountingCharges": null, "incomeBeforeTax": 360100000, "minorityInterest": 77900000, "netIncome": 275500000, "sellingGeneralAdministrative": 299700000, "grossProfit": 764700000, "ebit": 465000000, "operatingIncome": 465000000, "otherOperatingExpenses": null, "interestExpense": -95200000, "extraordinaryItems": null, "nonRecurring": null, "otherItems": null, "incomeTaxExpense": 84200000, "totalRevenue": 3058900000, "totalOperatingExpenses": 2593900000, "costOfRevenue": 2294200000, "totalOtherIncomeExpenseNet": -104900000, "discontinuedOperations": null, "netIncomeFromContinuingOps": 275900000, "netIncomeApplicableToCommonShares": 275500000}, "2021-08-29": {"researchDevelopment": null, "effectOfAccountingCharges": null, "incomeBeforeTax": 305400000, "minorityInterest": 78900000, "netIncome": 235400000, "sellingGeneralAdministrative": 269100000, "grossProfit": 679700000, "ebit": 410600000, "operatingIncome": 410600000, "otherOperatingExpenses": null, "interestExpense": -94500000, "extraordinaryItems": null, "nonRecurring": null, "otherItems": null, "incomeTaxExpense": 69700000, "totalRevenue": 2653300000, "totalOperatingExpenses": 2242700000, "costOfRevenue": 1973600000, "totalOtherIncomeExpenseNet": -105200000, "discontinuedOperations": null, "netIncomeFromContinuingOps": 235700000, "netIncomeApplicableToCommonShares": 235400000}}}, "cash": {"annual": {"2022-05-29": {"investments": 5900000, "changeToLiabilities": 214900000, "totalCashflowsFromInvestingActivities": -434900000, "netBorrowings": -72500000, "totalCashFromFinancingActivities": -738000000, "changeToOperatingActivities": -131000000, "netIncome": 888200000, "changeInCash": 3100000, "repurchaseOfStock": -61300000, "effectOfExchangeRate": -1300000, "totalCashFromOperatingActivities": 1177300000, "depreciation": 288500000, "otherCashflowsFromInvestingActivities": 3300000, "dividendsPaid": -581800000, "changeToInventory": -232800000, "changeToAccountReceivables": -69500000, "otherCashflowsFromFinancingActivities": -22400000, "changeToNetincome": 219000000, "capitalExpenditures": -464400000}, "2021-05-30": {"investments": 2700000, "changeToLiabilities": 48900000, "totalCashflowsFromInvestingActivities": -340300000, "netBorrowings": -820000000, "totalCashFromFinancingActivities": -1609600000, "changeToOperatingActivities": -49100000, "netIncome": 1298800000, "changeInCash": -474100000, "repurchaseOfStock": -298200000, "effectOfExchangeRate": 7700000, "totalCashFromOperatingActivities": 1468100000, "depreciation": 387700000, "otherCashflowsFromInvestingActivities": 3300000, "dividendsPaid": -474600000, "changeToInventory": -364300000, "changeToAccountReceivables": 66100000, "otherCashflowsFromFinancingActivities": -16800000, "changeToNetincome": 80000000, "capitalExpenditures": -506400000}, "2020-05-31": {"investments": 7000000, "changeToLiabilities": 257500000, "totalCashflowsFromInvestingActivities": -153800000, "netBorrowings": -947400000, "totalCashFromFinancingActivities": -1370400000, "changeToOperatingActivities": -64500000, "issuanceOfStock": 4800000, "netIncome": 840100000, "changeInCash": 316700000, "repurchaseOfStock": -298200000, "effectOfExchangeRate": -1700000, "totalCashFromOperatingActivities": 1842600000, "depreciation": 388900000, "otherCashflowsFromInvestingActivities": 100000, "dividendsPaid": -413600000, "changeToInventory": 163500000, "changeToAccountReceivables": -43800000, "otherCashflowsFromFinancingActivities": -14200000, "changeToNetincome": 300900000, "capitalExpenditures": -369500000}, "2019-05-26": {"investments": -8800000, "changeToLiabilities": 121900000, "totalCashflowsFromInvestingActivities": -5166000000, "netBorrowings": 4060500000, "totalCashFromFinancingActivities": 4149800000, "changeToOperatingActivities": -28400000, "issuanceOfStock": 555700000, "netIncome": 678300000, "changeInCash": 108600000, "repurchaseOfStock": -1600000, "effectOfExchangeRate": -700000, "totalCashFromOperatingActivities": 1125500000, "depreciation": 333000000, "otherCashflowsFromInvestingActivities": 11100000, "dividendsPaid": -356200000, "changeToInventory": 78000000, "changeToAccountReceivables": -69100000, "otherCashflowsFromFinancingActivities": -108600000, "changeToNetincome": 11800000, "capitalExpenditures": -353100000}}, "quarterly": {"2022-05-29": {"investments": 6000000, "changeToLiabilities": 188500000, "totalCashflowsFromInvestingActivities": -92000000, "netBorrowings": -183900000, "totalCashFromFinancingActivities": -331000000, "changeToOperatingActivities": -57700000, "issuanceOfStock": 2800000, "netIncome": 158900000, "changeInCash": 3600000, "effectOfExchangeRate": 1900000, "totalCashFromOperatingActivities": 424700000, "depreciation": 16500000, "dividendsPaid": -149900000, "changeToInventory": -175800000, "changeToAccountReceivables": 51200000, "changeToNetincome": 243100000, "capitalExpenditures": -100200000}, "2022-02-27": {"investments": -100000, "changeToLiabilities": 54400000, "totalCashflowsFromInvestingActivities": -98700000, "netBorrowings": -236700000, "totalCashFromFinancingActivities": -383300000, "changeToOperatingActivities": -3200000, "issuanceOfStock": 3300000, "netIncome": 218400000, "changeInCash": 11000000, "effectOfExchangeRate": 2500000, "totalCashFromOperatingActivities": 490500000, "depreciation": 94700000, "dividendsPaid": -149900000, "changeToInventory": 91400000, "changeToAccountReceivables": 62600000, "changeToNetincome": -27800000, "capitalExpenditures": -106700000}, "2021-11-28": {"investments": 1900000, "changeToLiabilities": -150400000, "totalCashflowsFromInvestingActivities": -89300000, "netBorrowings": 121500000, "totalCashFromFinancingActivities": -29200000, "changeToOperatingActivities": -34500000, "issuanceOfStock": 200000, "netIncome": 275500000, "changeInCash": 700000, "effectOfExchangeRate": -3100000, "totalCashFromOperatingActivities": 122300000, "depreciation": 87100000, "otherCashflowsFromInvestingActivities": 3300000, "dividendsPaid": -149900000, "changeToInventory": 72300000, "changeToAccountReceivables": -142800000, "otherCashflowsFromFinancingActivities": -1000000, "changeToNetincome": 15100000, "capitalExpenditures": -102600000}, "2021-08-29": {"investments": -1900000, "changeToLiabilities": 122400000, "totalCashflowsFromInvestingActivities": -154900000, "netBorrowings": 226600000, "totalCashFromFinancingActivities": 5500000, "changeToOperatingActivities": -35600000, "issuanceOfStock": 200000, "netIncome": 235400000, "changeInCash": -12200000, "repurchaseOfStock": -67600000, "effectOfExchangeRate": -2600000, "totalCashFromOperatingActivities": 139800000, "depreciation": 90200000, "otherCashflowsFromInvestingActivities": 3300000, "dividendsPaid": -132100000, "changeToInventory": -220700000, "changeToAccountReceivables": -40500000, "otherCashflowsFromFinancingActivities": -21400000, "changeToNetincome": -11400000, "capitalExpenditures": -154900000}}}}, "CPB": {"balance": {"annual": {"2021-08-01": {"intangibleAssets": 3239000000, "capitalSurplus": 414000000, "totalLiab": 8580000000, "totalStockholderEquity": 3152000000, "minorityInterest": 2000000, "otherCurrentLiab": 129000000, "totalAssets": 11734000000, "commonStock": 12000000, "otherCurrentAssets": 98000000, "retainedEarnings": 3742000000, "otherLiab": 1576000000, "goodWill": 3981000000, "treasuryStock": -1016000000, "otherAssets": 214000000, "cash": 69000000, "totalCurrentLiabilities": 1814000000, "otherStockholderEquity": 5000000, "propertyPlantEquipment": 2605000000, "totalCurrentAssets": 1695000000, "netTangibleAssets": -4068000000, "netReceivables": 595000000, "longTermDebt": 5002000000, "inventory": 933000000, "accountsPayable": 1070000000}, "2020-08-02": {"intangibleAssets": 3350000000, "capitalSurplus": 394000000, "totalLiab": 9803000000, "totalStockholderEquity": 2563000000, "minorityInterest": 6000000, "otherCurrentLiab": 154000000, "totalAssets": 12372000000, "commonStock": 12000000, "otherCurrentAssets": 80000000, "retainedEarnings": 3190000000, "otherLiab": 1550000000, "goodWill": 3986000000, "treasuryStock": -1033000000, "otherAssets": 29000000, "cash": 859000000, "totalCurrentLiabilities": 3075000000, "shortLongTermDebt": 921000000, "otherStockholderEquity": -10000000, "propertyPlantEquipment": 2622000000, "totalCurrentAssets": 2385000000, "netTangibleAssets": -4773000000, "netReceivables": 575000000, "longTermDebt": 4990000000, "inventory": 871000000, "accountsPayable": 1049000000}, "2019-07-28": {"intangibleAssets": 3415000000, "capitalSurplus": 372000000, "totalLiab": 12036000000, "totalStockholderEquity": 1103000000, "minorityInterest": 9000000, "otherCurrentLiab": 628000000, "totalAssets": 13148000000, "commonStock": 12000000, "otherCurrentAssets": 499000000, "retainedEarnings": 1993000000, "otherLiab": 1548000000, "goodWill": 4017000000, "treasuryStock": -1274000000, "otherAssets": 1217000000, "cash": 31000000, "totalCurrentLiabilities": 3385000000, "shortLongTermDebt": 500000000, "otherStockholderEquity": -198000000, "propertyPlantEquipment": 2455000000, "totalCurrentAssets": 1967000000, "longTermInvestments": 77000000, "netTangibleAssets": -6329000000, "netReceivables": 574000000, "longTermDebt": 7101000000, "inventory": 863000000, "accountsPayable": 814000000}, "2018-07-29": {"intangibleAssets": 3664000000, "capitalSurplus": 349000000, "totalLiab": 13156000000, "totalStockholderEquity": 1364000000, "minorityInterest": 9000000, "otherCurrentLiab": 870000000, "totalAssets": 14529000000, "commonStock": 12000000, "otherCurrentAssets": 797000000, "retainedEarnings": 2224000000, "otherLiab": 1571000000, "goodWill": 3864000000, "treasuryStock": -1221000000, "otherAssets": 2147000000, "cash": 49000000, "totalCurrentLiabilities": 3594000000, "deferredLongTermAssetCharges": 2000000, "shortLongTermDebt": 390000000, "otherStockholderEquity": -118000000, "propertyPlantEquipment": 2466000000, "totalCurrentAssets": 2296000000, "longTermInvestments": 92000000, "netTangibleAssets": -6164000000, "netReceivables": 563000000, "longTermDebt": 7991000000, "inventory": 887000000, "accountsPayable": 705000000}}, "quarterly": {"2022-05-01": {"intangibleAssets": 3208000000, "capitalSurplus": 402000000, "totalLiab": 8452000000, "totalStockholderEquity": 3393000000, "minorityInterest": 2000000, "otherCurrentLiab": 126000000, "totalAssets": 11847000000, "commonStock": 12000000, "otherCurrentAssets": 101000000, "retainedEarnings": 4059000000, "otherLiab": 1568000000, "goodWill": 3978000000, "treasuryStock": -1080000000, "otherAssets": 250000000, "cash": 196000000, "totalCurrentLiabilities": 2699000000, "otherStockholderEquity": 8000000, "propertyPlantEquipment": 2559000000, "totalCurrentAssets": 1852000000, "netTangibleAssets": -3793000000, "netReceivables": 511000000, "longTermDebt": 3980000000, "inventory": 1044000000, "accountsPayable": 1286000000}, "2022-01-30": {"intangibleAssets": 3218000000, "capitalSurplus": 388000000, "totalLiab": 8639000000, "totalStockholderEquity": 3350000000, "minorityInterest": 2000000, "otherCurrentLiab": 124000000, "totalAssets": 11991000000, "commonStock": 12000000, "otherCurrentAssets": 102000000, "retainedEarnings": 3983000000, "otherLiab": 1578000000, "goodWill": 3979000000, "treasuryStock": -1033000000, "otherAssets": 253000000, "cash": 357000000, "totalCurrentLiabilities": 2322000000, "otherStockholderEquity": 6000000, "propertyPlantEquipment": 2561000000, "totalCurrentAssets": 1980000000, "netTangibleAssets": -3847000000, "netReceivables": 610000000, "longTermDebt": 4544000000, "inventory": 911000000, "accountsPayable": 1162000000}, "2021-10-31": {"intangibleAssets": 3228000000, "capitalSurplus": 372000000, "totalLiab": 8662000000, "totalStockholderEquity": 3235000000, "minorityInterest": 2000000, "otherCurrentLiab": 184000000, "totalAssets": 11899000000, "commonStock": 12000000, "otherCurrentAssets": 102000000, "retainedEarnings": 3882000000, "otherLiab": 1581000000, "goodWill": 3982000000, "treasuryStock": -1031000000, "otherAssets": 227000000, "cash": 69000000, "totalCurrentLiabilities": 2338000000, "otherStockholderEquity": 7000000, "propertyPlantEquipment": 2586000000, "totalCurrentAssets": 1876000000, "netTangibleAssets": -3975000000, "netReceivables": 731000000, "longTermDebt": 4543000000, "inventory": 974000000, "accountsPayable": 1151000000}, "2021-08-01": {"intangibleAssets": 3239000000, "capitalSurplus": 414000000, "totalLiab": 8580000000, "totalStockholderEquity": 3152000000, "minorityInterest": 2000000, "otherCurrentLiab": 129000000, "totalAssets": 11734000000, "commonStock": 12000000, "otherCurrentAssets": 98000000, "retainedEarnings": 3742000000, "otherLiab": 1576000000, "goodWill": 3981000000, "treasuryStock": -1016000000, "otherAssets": 214000000, "cash": 69000000, "totalCurrentLiabilities": 1814000000, "otherStockholderEquity": 5000000, "propertyPlantEquipment": 2605000000, "totalCurrentAssets": 1695000000, "netTangibleAssets": -4068000000, "netReceivables": 595000000, "longTermDebt": 5002000000, "inventory": 933000000, "accountsPayable": 1070000000}}}, "income": {"annual": {"2021-08-01": {"researchDevelopment": 84000000, "effectOfAccountingCharges": null, "incomeBeforeTax": 1336000000, "minorityInterest": 2000000, "netIncome": 1002000000, "sellingGeneralAdministrative": 1386000000, "grossProfit": 2814000000, "ebit": 1572000000, "operatingIncome": 1572000000, "otherOperatingExpenses": -228000000, "interestExpense": -210000000, "extraordinaryItems": null, "nonRecurring": null, "otherItems": null, "incomeTaxExpense": 328000000, "totalRevenue": 8476000000, "totalOperatingExpenses": 6904000000, "costOfRevenue": 5662000000, "totalOtherIncomeExpenseNet": -236000000, "discontinuedOperations": -6000000, "netIncomeFromContinuingOps": 1008000000, "netIncomeApplicableToCommonShares": 1002000000}, "2020-08-02": {"researchDevelopment": 92000000, "effectOfAccountingCharges": null, "incomeBeforeTax": 766000000, "minorityInterest": 6000000, "netIncome": 1628000000, "sellingGeneralAdministrative": 1519000000, "grossProfit": 3008000000, "ebit": 1334000000, "operatingIncome": 1334000000, "otherOperatingExpenses": 63000000, "interestExpense": -345000000, "extraordinaryItems": null, "nonRecurring": null, "otherItems": null, "incomeTaxExpense": 174000000, "totalRevenue": 8691000000, "totalOperatingExpenses": 7357000000, "costOfRevenue": 5683000000, "totalOtherIncomeExpenseNet": -568000000, "discontinuedOperations": 1036000000, "netIncomeFromContinuingOps": 592000000, "netIncomeApplicableToCommonShares": 1628000000}, "2019-07-28": {"researchDevelopment": 88000000, "effectOfAccountingCharges": null, "incomeBeforeTax": 625000000, "minorityInterest": 9000000, "netIncome": 211000000, "sellingGeneralAdministrative": 1383000000, "grossProfit": 2711000000, "ebit": 1145000000, "operatingIncome": 1145000000, "otherOperatingExpenses": 95000000, "interestExpense": -356000000, "extraordinaryItems": null, "nonRecurring": null, "otherItems": null, "incomeTaxExpense": 151000000, "totalRevenue": 8107000000, "totalOperatingExpenses": 6962000000, "costOfRevenue": 5396000000, "totalOtherIncomeExpenseNet": -520000000, "discontinuedOperations": -263000000, "netIncomeFromContinuingOps": 474000000, "netIncomeApplicableToCommonShares": 211000000}, "2018-07-29": {"researchDevelopment": 91000000, "effectOfAccountingCharges": null, "incomeBeforeTax": 830000000, "minorityInterest": 9000000, "netIncome": 261000000, "sellingGeneralAdministrative": 1177000000, "grossProfit": 2461000000, "ebit": 1404000000, "operatingIncome": 1404000000, "otherOperatingExpenses": -211000000, "interestExpense": -183000000, "extraordinaryItems": null, "nonRecurring": null, "otherItems": null, "incomeTaxExpense": 106000000, "totalRevenue": 6615000000, "totalOperatingExpenses": 5211000000, "costOfRevenue": 4154000000, "totalOtherIncomeExpenseNet": -574000000, "discontinuedOperations": -463000000, "netIncomeFromContinuingOps": 724000000, "netIncomeApplicableToCommonShares": 261000000}}, "quarterly": {"2022-05-01": {"researchDevelopment": 22000000, "effectOfAccountingCharges": null, "incomeBeforeTax": 244000000, "minorityInterest": 2000000, "netIncome": 188000000, "sellingGeneralAdministrative": 334000000, "grossProfit": 666000000, "ebit": 300000000, "operatingIncome": 300000000, "otherOperatingExpenses": 10000000, "interestExpense": -51000000, "extraordinaryItems": null, "nonRecurring": null, "otherItems": null, "incomeTaxExpense": 56000000, "totalRevenue": 2130000000, "totalOperatingExpenses": 1830000000, "costOfRevenue": 1464000000, "totalOtherIncomeExpenseNet": -56000000, "discontinuedOperations": null, "netIncomeFromContinuingOps": 188000000, "netIncomeApplicableToCommonShares": 188000000}, "2022-01-30": {"researchDevelopment": 21000000, "effectOfAccountingCharges": null, "incomeBeforeTax": 277000000, "minorityInterest": 2000000, "netIncome": 212000000, "sellingGeneralAdministrative": 341000000, "grossProfit": 671000000, "ebit": 328000000, "operatingIncome": 328000000, "otherOperatingExpenses": -19000000, "interestExpense": -46000000, "extraordinaryItems": null, "nonRecurring": null, "otherItems": null, "incomeTaxExpense": 65000000, "totalRevenue": 2209000000, "totalOperatingExpenses": 1881000000, "costOfRevenue": 1538000000, "totalOtherIncomeExpenseNet": -51000000, "discontinuedOperations": null, "netIncomeFromContinuingOps": 212000000, "netIncomeApplicableToCommonShares": 212000000}, "2021-10-31": {"researchDevelopment": 21000000, "effectOfAccountingCharges": null, "incomeBeforeTax": 329000000, "minorityInterest": 2000000, "netIncome": 261000000, "sellingGeneralAdministrative": 324000000, "grossProfit": 724000000, "ebit": 380000000, "operatingIncome": 380000000, "otherOperatingExpenses": -1000000, "interestExpense": -47000000, "extraordinaryItems": null, "nonRecurring": null, "otherItems": null, "incomeTaxExpense": 68000000, "totalRevenue": 2236000000, "totalOperatingExpenses": 1856000000, "costOfRevenue": 1512000000, "totalOtherIncomeExpenseNet": -51000000, "discontinuedOperations": null, "netIncomeFromContinuingOps": 261000000, "netIncomeApplicableToCommonShares": 261000000}, "2021-08-01": {"researchDevelopment": 23000000, "effectOfAccountingCharges": null, "incomeBeforeTax": 364000000, "minorityInterest": 2000000, "netIncome": 288000000, "sellingGeneralAdministrative": 313000000, "grossProfit": 589000000, "ebit": 395000000, "operatingIncome": 395000000, "otherOperatingExpenses": -142000000, "interestExpense": -47000000, "extraordinaryItems": null, "nonRecurring": null, "otherItems": null, "incomeTaxExpense": 76000000, "totalRevenue": 1873000000, "totalOperatingExpenses": 1478000000, "costOfRevenue": 1284000000, "totalOtherIncomeExpenseNet": -31000000, "discontinuedOperations": null, "netIncomeFromContinuingOps": 288000000, "netIncomeApplicableToCommonShares": 288000000}}}, "cash": {"annual": {"2021-08-01": {"changeToLiabilities": -164000000, "totalCashflowsFromInvestingActivities": -158000000, "netBorrowings": -1181000000, "totalCashFromFinancingActivities": -1669000000, "changeToOperatingActivities": -28000000, "issuanceOfStock": 2000000, "netIncome": 1002000000, "changeInCash": -790000000, "repurchaseOfStock": -51000000, "effectOfExchangeRate": 2000000, "totalCashFromOperatingActivities": 1035000000, "depreciation": 317000000, "otherCashflowsFromInvestingActivities": 8000000, "dividendsPaid": -439000000, "changeToInventory": -77000000, "changeToAccountReceivables": -20000000, "changeToNetincome": 5000000, "capitalExpenditures": -275000000}, "2020-08-02": {"investments": 30000000, "changeToLiabilities": 145000000, "totalCashflowsFromInvestingActivities": 2272000000, "netBorrowings": -2560000000, "totalCashFromFinancingActivities": -2987000000, "changeToOperatingActivities": -3000000, "issuanceOfStock": 23000000, "netIncome": 1628000000, "changeInCash": 680000000, "repurchaseOfStock": -12000000, "effectOfExchangeRate": -1000000, "totalCashFromOperatingActivities": 1396000000, "depreciation": 328000000, "otherCashflowsFromInvestingActivities": 4000000, "dividendsPaid": -426000000, "changeToInventory": -20000000, "changeToAccountReceivables": -30000000, "otherCashflowsFromFinancingActivities": -12000000, "changeToNetincome": -652000000, "capitalExpenditures": -299000000}, "2019-07-28": {"investments": 30000000, "changeToLiabilities": 125000000, "totalCashflowsFromInvestingActivities": 153000000, "netBorrowings": -1159000000, "totalCashFromFinancingActivities": -1591000000, "changeToOperatingActivities": -1000000, "issuanceOfStock": 23000000, "netIncome": 211000000, "changeInCash": -195000000, "repurchaseOfStock": -8000000, "effectOfExchangeRate": -7000000, "totalCashFromOperatingActivities": 1250000000, "depreciation": 363000000, "otherCashflowsFromInvestingActivities": 553000000, "dividendsPaid": -423000000, "changeToInventory": 36000000, "changeToAccountReceivables": -11000000, "otherCashflowsFromFinancingActivities": -1000000, "changeToNetincome": 527000000, "capitalExpenditures": -384000000}, "2018-07-29": {"investments": 30000000, "changeToLiabilities": 78000000, "totalCashflowsFromInvestingActivities": -7197000000, "netBorrowings": 6439000000, "totalCashFromFinancingActivities": 5807000000, "changeToOperatingActivities": 27000000, "issuanceOfStock": 23000000, "netIncome": 261000000, "changeInCash": 12000000, "repurchaseOfStock": -109000000, "effectOfExchangeRate": -8000000, "totalCashFromOperatingActivities": 1410000000, "depreciation": 279000000, "otherCashflowsFromInvestingActivities": -19000000, "dividendsPaid": -426000000, "changeToInventory": -84000000, "changeToAccountReceivables": 56000000, "otherCashflowsFromFinancingActivities": -97000000, "changeToNetincome": 793000000, "capitalExpenditures": -407000000}}, "quarterly": {"2022-05-01": {"changeToLiabilities": 62000000, "totalCashflowsFromInvestingActivities": -43000000, "netBorrowings": -290000000, "totalCashFromFinancingActivities": -453000000, "changeToOperatingActivities": 4000000, "netIncome": 188000000, "changeInCash": -161000000, "repurchaseOfStock": -51000000, "totalCashFromOperatingActivities": 335000000, "depreciation": 85000000, "otherCashflowsFromInvestingActivities": 8000000, "dividendsPaid": -112000000, "changeToInventory": -133000000, "changeToAccountReceivables": 98000000, "changeToNetincome": 31000000, "capitalExpenditures": -50000000}, "2022-01-30": {"changeToLiabilities": -9000000, "totalCashflowsFromInvestingActivities": -57000000, "netBorrowings": -18000000, "totalCashFromFinancingActivities": -132000000, "changeToOperatingActivities": 4000000, "netIncome": 212000000, "changeInCash": 288000000, "repurchaseOfStock": -3000000, "effectOfExchangeRate": -1000000, "totalCashFromOperatingActivities": 478000000, "depreciation": 83000000, "otherCashflowsFromInvestingActivities": 2000000, "dividendsPaid": -112000000, "changeToInventory": 62000000, "changeToAccountReceivables": 120000000, "otherCashflowsFromFinancingActivities": 1000000, "changeToNetincome": 10000000, "capitalExpenditures": -60000000}, "2021-10-31": {"changeToLiabilities": 87000000, "totalCashflowsFromInvestingActivities": -68000000, "netBorrowings": -24000000, "totalCashFromFinancingActivities": -220000000, "changeToOperatingActivities": -5000000, "issuanceOfStock": 1000000, "netIncome": 261000000, "changeInCash": 288000000, "repurchaseOfStock": -80000000, "effectOfExchangeRate": -1000000, "totalCashFromOperatingActivities": 288000000, "depreciation": 83000000, "otherCashflowsFromInvestingActivities": 2000000, "dividendsPaid": -116000000, "changeToInventory": -40000000, "changeToAccountReceivables": -137000000, "otherCashflowsFromFinancingActivities": -1000000, "changeToNetincome": 39000000, "capitalExpenditures": -69000000}, "2021-08-01": {"changeToLiabilities": -15000000, "totalCashflowsFromInvestingActivities": 19000000, "netBorrowings": -165000000, "totalCashFromFinancingActivities": -313000000, "changeToOperatingActivities": -5000000, "issuanceOfStock": 1000000, "netIncome": 288000000, "changeInCash": -140000000, "repurchaseOfStock": -36000000, "effectOfExchangeRate": -1000000, "totalCashFromOperatingActivities": 154000000, "depreciation": 84000000, "otherCashflowsFromInvestingActivities": 1000000, "dividendsPaid": -112000000, "changeToInventory": -75000000, "changeToAccountReceivables": -16000000, "otherCashflowsFromFinancingActivities": -1000000, "changeToNetincome": -107000000, "capitalExpenditures": -85000000}}}}, "SJM": {"balance": {"annual": {"2022-04-30": {"intangibleAssets": 5652200000, "capitalSurplus": 5457900000, "totalLiab": 7914900000, "totalStockholderEquity": 8140100000, "otherCurrentLiab": 252400000, "totalAssets": 16055000000, "commonStock": 26600000, "otherCurrentAssets": 226200000, "retainedEarnings": 2893000000, "otherLiab": 1572800000, "goodWill": 6015800000, "treasuryStock": -237400000, "otherAssets": 112100000, "cash": 169900000, "totalCurrentLiabilities": 1952800000, "otherStockholderEquity": -237400000, "propertyPlantEquipment": 2238200000, "totalCurrentAssets": 2010100000, "longTermInvestments": 26600000, "netTangibleAssets": -3527900000, "netReceivables": 524700000, "longTermDebt": 4310600000, "inventory": 1089300000, "accountsPayable": 1193300000}, "2021-04-30": {"intangibleAssets": 6041200000, "capitalSurplus": 5527600000, "totalLiab": 8159400000, "totalStockholderEquity": 8124800000, "otherCurrentLiab": 215100000, "totalAssets": 16284200000, "commonStock": 27100000, "otherCurrentAssets": 113800000, "retainedEarnings": 2847500000, "otherLiab": 1659800000, "goodWill": 6023600000, "treasuryStock": -277400000, "otherAssets": 103200000, "cash": 334300000, "totalCurrentLiabilities": 2867500000, "shortLongTermDebt": 1152900000, "otherStockholderEquity": -277400000, "propertyPlantEquipment": 2143500000, "totalCurrentAssets": 1941700000, "longTermInvestments": 31000000, "netTangibleAssets": -3940000000, "netReceivables": 533700000, "longTermDebt": 3516800000, "inventory": 959900000, "accountsPayable": 1034100000}, "2020-04-30": {"intangibleAssets": 6429000000, "capitalSurplus": 5794100000, "totalLiab": 8779500000, "totalStockholderEquity": 8190900000, "otherCurrentLiab": 251100000, "totalAssets": 16970400000, "commonStock": 29000000, "otherCurrentAssets": 134900000, "retainedEarnings": 2746800000, "otherLiab": 1695600000, "goodWill": 6304500000, "treasuryStock": -379000000, "otherAssets": 107800000, "cash": 391100000, "totalCurrentLiabilities": 1587100000, "otherStockholderEquity": -379000000, "propertyPlantEquipment": 2117800000, "totalCurrentAssets": 1972700000, "longTermInvestments": 38600000, "netTangibleAssets": -4542600000, "netReceivables": 551400000, "longTermDebt": 5373300000, "inventory": 895300000, "accountsPayable": 782000000}, "2019-04-30": {"intangibleAssets": 6718800000, "capitalSurplus": 5755800000, "totalLiab": 8740800000, "totalStockholderEquity": 7970500000, "otherCurrentLiab": 249200000, "totalAssets": 16711300000, "commonStock": 28900000, "otherCurrentAssets": 109800000, "retainedEarnings": 2367600000, "otherLiab": 1713000000, "goodWill": 6310900000, "treasuryStock": -181800000, "otherAssets": 103100000, "cash": 101300000, "totalCurrentLiabilities": 2341500000, "shortLongTermDebt": 847600000, "otherStockholderEquity": -181800000, "propertyPlantEquipment": 1912400000, "totalCurrentAssets": 1625200000, "longTermInvestments": 40900000, "netTangibleAssets": -5059200000, "netReceivables": 503800000, "longTermDebt": 4686300000, "inventory": 910300000, "accountsPayable": 591000000}}, "quarterly": {"2022-04-30": {"intangibleAssets": 5652200000, "capitalSurplus": 5457900000, "totalLiab": 7914900000, "totalStockholderEquity": 8140100000, "otherCurrentLiab": 252400000, "totalAssets": 16055000000, "commonStock": 26600000, "otherCurrentAssets": 226200000, "retainedEarnings": 2893000000, "otherLiab": 1572800000, "goodWill": 6015800000, "treasuryStock": -237400000, "otherAssets": 112100000, "cash": 169900000, "totalCurrentLiabilities": 1952800000, "otherStockholderEquity": -237400000, "propertyPlantEquipment": 2238200000, "totalCurrentAssets": 2010100000, "longTermInvestments": 26600000, "netTangibleAssets": -3527900000, "netReceivables": 524700000, "longTermDebt": 4310600000, "inventory": 1089300000, "accountsPayable": 1193300000}, "2022-01-31": {"intangibleAssets": 5710000000, "capitalSurplus": 5553600000, "totalLiab": 7699500000, "totalStockholderEquity": 8266900000, "otherCurrentLiab": 314400000, "totalAssets": 15966400000, "commonStock": 27100000, "otherCurrentAssets": 98600000, "retainedEarnings": 2955500000, "otherLiab": 1638900000, "goodWill": 6017800000, "treasuryStock": -269300000, "otherAssets": 141500000, "cash": 284300000, "totalCurrentLiabilities": 1664600000, "otherStockholderEquity": -269300000, "propertyPlantEquipment": 2108900000, "totalCurrentAssets": 1988200000, "netTangibleAssets": -3460900000, "netReceivables": 563200000, "longTermDebt": 4309700000, "inventory": 1042100000, "accountsPayable": 1006800000}, "2021-10-31": {"intangibleAssets": 5930400000, "capitalSurplus": 5537000000, "totalLiab": 7954400000, "totalStockholderEquity": 8286400000, "otherCurrentLiab": 287300000, "totalAssets": 16240800000, "commonStock": 27100000, "otherCurrentAssets": 94200000, "retainedEarnings": 2992800000, "otherLiab": 1658400000, "goodWill": 6022300000, "treasuryStock": -270500000, "otherAssets": 140300000, "cash": 155300000, "totalCurrentLiabilities": 1890500000, "otherStockholderEquity": -270500000, "propertyPlantEquipment": 2139000000, "totalCurrentAssets": 2008800000, "netTangibleAssets": -3666300000, "netReceivables": 659100000, "longTermDebt": 4308800000, "inventory": 1100200000, "accountsPayable": 1031000000}, "2021-07-31": {"intangibleAssets": 5985200000, "capitalSurplus": 5531000000, "totalLiab": 8041400000, "totalStockholderEquity": 8170300000, "otherCurrentLiab": 366800000, "totalAssets": 16211700000, "commonStock": 27100000, "otherCurrentAssets": 112600000, "retainedEarnings": 2893800000, "otherLiab": 1654600000, "goodWill": 6021000000, "treasuryStock": -281600000, "otherAssets": 130700000, "cash": 168800000, "totalCurrentLiabilities": 2763200000, "shortLongTermDebt": 751600000, "otherStockholderEquity": -281600000, "propertyPlantEquipment": 2121900000, "totalCurrentAssets": 1952900000, "netTangibleAssets": -3835900000, "netReceivables": 566000000, "longTermDebt": 3517500000, "inventory": 1105500000, "accountsPayable": 1041200000}}}, "income": {"annual": {"2022-04-30": {"researchDevelopment": null, "effectOfAccountingCharges": null, "incomeBeforeTax": 843800000, "minorityInterest": null, "netIncome": 631700000, "sellingGeneralAdministrative": 1375300000, "grossProfit": 2721200000, "ebit": 1178100000, "operatingIncome": 1178100000, "otherOperatingExpenses": -55800000, "interestExpense": -160900000, "extraordinaryItems": null, "nonRecurring": null, "otherItems": null, "incomeTaxExpense": 212100000, "totalRevenue": 7998900000, "totalOperatingExpenses": 6820800000, "costOfRevenue": 5277700000, "totalOtherIncomeExpenseNet": -334300000, "discontinuedOperations": null, "netIncomeFromContinuingOps": 631700000, "netIncomeApplicableToCommonShares": 629900000}, "2021-04-30": {"researchDevelopment": null, "effectOfAccountingCharges": null, "incomeBeforeTax": 1171900000, "minorityInterest": null, "netIncome": 876300000, "sellingGeneralAdministrative": 1539800000, "grossProfit": 3142100000, "ebit": 1372700000, "operatingIncome": 1372700000, "otherOperatingExpenses": -3400000, "interestExpense": -177100000, "extraordinaryItems": null, "nonRecurring": null, "otherItems": null, "incomeTaxExpense": 295600000, "totalRevenue": 8002700000, "totalOperatingExpenses": 6630000000, "costOfRevenue": 4860600000, "totalOtherIncomeExpenseNet": -200800000, "discontinuedOperations": null, "netIncomeFromContinuingOps": 876300000, "netIncomeApplicableToCommonShares": 872600000}, "2020-04-30": {"researchDevelopment": null, "effectOfAccountingCharges": null, "incomeBeforeTax": 1026700000, "minorityInterest": null, "netIncome": 779500000, "sellingGeneralAdministrative": 1481800000, "grossProfit": 3002000000, "ebit": 1284500000, "operatingIncome": 1284500000, "otherOperatingExpenses": -600000, "interestExpense": -189200000, "extraordinaryItems": null, "nonRecurring": null, "otherItems": null, "incomeTaxExpense": 247200000, "totalRevenue": 7801000000, "totalOperatingExpenses": 6516500000, "costOfRevenue": 4799000000, "totalOtherIncomeExpenseNet": -257800000, "discontinuedOperations": null, "netIncomeFromContinuingOps": 779500000, "netIncomeApplicableToCommonShares": 775100000}, "2019-04-30": {"researchDevelopment": null, "effectOfAccountingCharges": null, "incomeBeforeTax": 701600000, "minorityInterest": null, "netIncome": 514400000, "sellingGeneralAdministrative": 1523000000, "grossProfit": 2915700000, "ebit": 1155700000, "operatingIncome": 1155700000, "otherOperatingExpenses": -3300000, "interestExpense": -207900000, "extraordinaryItems": null, "nonRecurring": null, "otherItems": null, "incomeTaxExpense": 187200000, "totalRevenue": 7838000000, "totalOperatingExpenses": 6682300000, "costOfRevenue": 4922300000, "totalOtherIncomeExpenseNet": -454100000, "discontinuedOperations": null, "netIncomeFromContinuingOps": 514400000, "netIncomeApplicableToCommonShares": 514400000}}, "quarterly": {"2022-04-30": {"researchDevelopment": null, "effectOfAccountingCharges": null, "incomeBeforeTax": 260200000, "minorityInterest": null, "netIncome": 202100000, "sellingGeneralAdministrative": 355000000, "grossProfit": 669700000, "ebit": 305500000, "operatingIncome": 305500000, "otherOperatingExpenses": -48300000, "interestExpense": -38000000, "extraordinaryItems": null, "nonRecurring": null, "otherItems": null, "incomeTaxExpense": 58100000, "totalRevenue": 2033800000, "totalOperatingExpenses": 1728300000, "costOfRevenue": 1364100000, "totalOtherIncomeExpenseNet": -45300000, "discontinuedOperations": null, "netIncomeFromContinuingOps": 202100000, "netIncomeApplicableToCommonShares": 200300000}, "2022-01-31": {"researchDevelopment": null, "effectOfAccountingCharges": null, "incomeBeforeTax": 109600000, "minorityInterest": null, "netIncome": 69700000, "sellingGeneralAdministrative": 339000000, "grossProfit": 689900000, "ebit": 297200000, "operatingIncome": 297200000, "otherOperatingExpenses": -1600000, "interestExpense": -39500000, "extraordinaryItems": null, "nonRecurring": null, "otherItems": null, "incomeTaxExpense": 39900000, "totalRevenue": 2057100000, "totalOperatingExpenses": 1759900000, "costOfRevenue": 1367200000, "totalOtherIncomeExpenseNet": -187600000, "discontinuedOperations": null, "netIncomeFromContinuingOps": 69700000, "netIncomeApplicableToCommonShares": 69700000}, "2021-10-31": {"researchDevelopment": null, "effectOfAccountingCharges": null, "incomeBeforeTax": 268800000, "minorityInterest": null, "netIncome": 206000000, "sellingGeneralAdministrative": 347700000, "grossProfit": 717600000, "ebit": 319200000, "operatingIncome": 319200000, "otherOperatingExpenses": -4700000, "interestExpense": -40300000, "extraordinaryItems": null, "nonRecurring": null, "otherItems": null, "incomeTaxExpense": 62800000, "totalRevenue": 2050000000, "totalOperatingExpenses": 1730800000, "costOfRevenue": 1332400000, "totalOtherIncomeExpenseNet": -50400000, "discontinuedOperations": null, "netIncomeFromContinuingOps": 206000000, "netIncomeApplicableToCommonShares": 206000000}, "2021-07-31": {"researchDevelopment": null, "effectOfAccountingCharges": null, "incomeBeforeTax": 205200000, "minorityInterest": null, "netIncome": 153900000, "sellingGeneralAdministrative": 324000000, "grossProfit": 644000000, "ebit": 265800000, "operatingIncome": 265800000, "otherOperatingExpenses": -1200000, "interestExpense": -43100000, "extraordinaryItems": null, "nonRecurring": null, "otherItems": null, "incomeTaxExpense": 51300000, "totalRevenue": 1858000000, "totalOperatingExpenses": 1592200000, "costOfRevenue": 1214000000, "totalOtherIncomeExpenseNet": -60600000, "discontinuedOperations": null, "netIncomeFromContinuingOps": 153900000, "netIncomeApplicableToCommonShares": 153900000}}}, "cash": {"annual": {"2022-04-30": {"changeToLiabilities": 149500000, "totalCashflowsFromInvestingActivities": -355500000, "netBorrowings": -261800000, "totalCashFromFinancingActivities": -944500000, "changeToOperatingActivities": -102700000, "issuanceOfStock": 16300000, "netIncome": 631700000, "changeInCash": -164400000, "repurchaseOfStock": -270400000, "effectOfExchangeRate": -700000, "totalCashFromOperatingActivities": 1136300000, "depreciation": 459100000, "otherCashflowsFromInvestingActivities": -68000000, "dividendsPaid": -418100000, "changeToInventory": -178700000, "changeToAccountReceivables": 7500000, "otherCashflowsFromFinancingActivities": -10500000, "changeToNetincome": 157100000, "capitalExpenditures": -417500000}, "2021-04-30": {"changeToLiabilities": 260900000, "totalCashflowsFromInvestingActivities": 311100000, "netBorrowings": -866400000, "totalCashFromFinancingActivities": -1943900000, "changeToOperatingActivities": 46700000, "issuanceOfStock": 4500000, "netIncome": 876300000, "changeInCash": -56800000, "repurchaseOfStock": -678400000, "effectOfExchangeRate": 11000000, "totalCashFromOperatingActivities": 1565000000, "depreciation": 452500000, "otherCashflowsFromInvestingActivities": 53800000, "dividendsPaid": -403200000, "changeToInventory": -110400000, "changeToAccountReceivables": 22000000, "otherCashflowsFromFinancingActivities": -400000, "changeToNetincome": 34600000, "capitalExpenditures": -306700000}, "2020-04-30": {"changeToLiabilities": 181600000, "totalCashflowsFromInvestingActivities": -271500000, "netBorrowings": -287600000, "totalCashFromFinancingActivities": -688700000, "changeToOperatingActivities": 14100000, "issuanceOfStock": 7100000, "netIncome": 779500000, "changeInCash": 289800000, "repurchaseOfStock": -4200000, "effectOfExchangeRate": -4800000, "totalCashFromOperatingActivities": 1254800000, "depreciation": 446500000, "otherCashflowsFromInvestingActivities": -2200000, "dividendsPaid": -396800000, "changeToInventory": 12600000, "changeToAccountReceivables": -49100000, "otherCashflowsFromFinancingActivities": -7200000, "changeToNetincome": -136900000, "capitalExpenditures": -269300000}, "2019-04-30": {"changeToLiabilities": 43700000, "totalCashflowsFromInvestingActivities": -1924200000, "netBorrowings": 1082000000, "totalCashFromFinancingActivities": 699000000, "changeToOperatingActivities": 55200000, "issuanceOfStock": 7100000, "netIncome": 514400000, "changeInCash": -91300000, "repurchaseOfStock": -5400000, "effectOfExchangeRate": -7300000, "totalCashFromOperatingActivities": 1141200000, "depreciation": 446300000, "otherCashflowsFromInvestingActivities": -30900000, "dividendsPaid": -377900000, "changeToInventory": -5300000, "changeToAccountReceivables": -53000000, "otherCashflowsFromFinancingActivities": 300000, "changeToNetincome": 88100000, "capitalExpenditures": -359800000}}, "quarterly": {"2022-04-30": {"changeToLiabilities": 164700000, "totalCashflowsFromInvestingActivities": -223600000, "netBorrowings": 85900000, "totalCashFromFinancingActivities": -284100000, "changeToOperatingActivities": -79700000, "issuanceOfStock": 100000, "netIncome": 202100000, "changeInCash": -114400000, "repurchaseOfStock": -262700000, "effectOfExchangeRate": -400000, "totalCashFromOperatingActivities": 393700000, "depreciation": 114100000, "otherCashflowsFromInvestingActivities": -50400000, "dividendsPaid": -107000000, "changeToInventory": -47700000, "changeToAccountReceivables": 38200000, "otherCashflowsFromFinancingActivities": -400000, "changeToNetincome": -25700000, "capitalExpenditures": -173000000}, "2022-01-31": {"changeToLiabilities": -7000000, "totalCashflowsFromInvestingActivities": 11100000, "netBorrowings": -226100000, "totalCashFromFinancingActivities": -321600000, "changeToOperatingActivities": 1500000, "issuanceOfStock": 12200000, "netIncome": 69700000, "changeInCash": 129000000, "repurchaseOfStock": -200000, "effectOfExchangeRate": -200000, "totalCashFromOperatingActivities": 439700000, "depreciation": 115200000, "otherCashflowsFromInvestingActivities": -1800000, "dividendsPaid": -107000000, "changeToInventory": 9800000, "changeToAccountReceivables": 94900000, "otherCashflowsFromFinancingActivities": -500000, "changeToNetincome": 152500000, "capitalExpenditures": -117300000}, "2021-10-31": {"changeToLiabilities": -36700000, "totalCashflowsFromInvestingActivities": -63000000, "netBorrowings": 1400000, "totalCashFromFinancingActivities": -115500000, "changeToOperatingActivities": 21300000, "issuanceOfStock": 12200000, "netIncome": 206000000, "changeInCash": -13500000, "repurchaseOfStock": -700000, "effectOfExchangeRate": -100000, "totalCashFromOperatingActivities": 165100000, "depreciation": 115900000, "otherCashflowsFromInvestingActivities": -3800000, "dividendsPaid": -106900000, "changeToInventory": 5500000, "changeToAccountReceivables": -92700000, "otherCashflowsFromFinancingActivities": -9300000, "changeToNetincome": 11200000, "capitalExpenditures": -59200000}, "2021-07-31": {"changeToLiabilities": 28500000, "totalCashflowsFromInvestingActivities": -80000000, "netBorrowings": -123000000, "totalCashFromFinancingActivities": -223300000, "changeToOperatingActivities": -45800000, "issuanceOfStock": 4000000, "netIncome": 153900000, "changeInCash": -165500000, "repurchaseOfStock": -6800000, "effectOfExchangeRate": -100000, "totalCashFromOperatingActivities": 137800000, "depreciation": 113900000, "otherCashflowsFromInvestingActivities": -12000000, "dividendsPaid": -97200000, "changeToInventory": -146300000, "changeToAccountReceivables": -32900000, "otherCashflowsFromFinancingActivities": -300000, "changeToNetincome": 19100000, "capitalExpenditures": -68000000}}}}, "TAP": {"balance": {"annual": {"2021-12-31": {"intangibleAssets": 13286800000, "capitalSurplus": 6970900000, "totalLiab": 13954900000, "totalStockholderEquity": 13417100000, "minorityInterest": 247000000, "otherCurrentLiab": 318400000, "totalAssets": 27619000000, "commonStock": 522100000, "otherCurrentAssets": 457200000, "retainedEarnings": 7401500000, "otherLiab": 3494600000, "goodWill": 6152600000, "treasuryStock": -1477400000, "otherAssets": 1089400000, "cash": 637400000, "totalCurrentLiabilities": 3622200000, "deferredLongTermAssetCharges": 180200000, "shortLongTermDebt": 571100000, "otherStockholderEquity": -1006000000, "propertyPlantEquipment": 4311500000, "totalCurrentAssets": 2778700000, "netTangibleAssets": -6022300000, "netReceivables": 879400000, "longTermDebt": 6687700000, "inventory": 804700000, "accountsPayable": 2098100000}, "2020-12-31": {"intangibleAssets": 13556100000, "capitalSurplus": 6937800000, "totalLiab": 14709800000, "totalStockholderEquity": 12365000000, "minorityInterest": 256300000, "otherCurrentLiab": 424500000, "totalAssets": 27331100000, "commonStock": 522200000, "otherCurrentAssets": 297300000, "retainedEarnings": 6544200000, "otherLiab": 3311800000, "goodWill": 6151000000, "treasuryStock": -1639200000, "otherAssets": 818700000, "cash": 770100000, "totalCurrentLiabilities": 3909600000, "deferredLongTermAssetCharges": 105700000, "shortLongTermDebt": 1049700000, "otherStockholderEquity": -1167800000, "propertyPlantEquipment": 4386500000, "totalCurrentAssets": 2418800000, "netTangibleAssets": -7342100000, "netReceivables": 687100000, "longTermDebt": 7322100000, "inventory": 664300000, "accountsPayable": 1732700000}, "2019-12-31": {"intangibleAssets": 13656000000, "capitalSurplus": 6773600000, "totalLiab": 15186700000, "totalStockholderEquity": 13419400000, "minorityInterest": 253700000, "otherCurrentLiab": 387700000, "totalAssets": 28859800000, "commonStock": 662400000, "otherCurrentAssets": 224800000, "retainedEarnings": 7617000000, "otherLiab": 3150700000, "goodWill": 7631400000, "treasuryStock": -1633600000, "otherAssets": 687000000, "cash": 523400000, "totalCurrentLiabilities": 3695500000, "shortLongTermDebt": 886800000, "otherStockholderEquity": -1162200000, "propertyPlantEquipment": 4701000000, "totalCurrentAssets": 2184400000, "netTangibleAssets": -7868000000, "netReceivables": 820300000, "longTermDebt": 8161000000, "inventory": 615900000, "accountsPayable": 1686800000}, "2018-12-31": {"intangibleAssets": 13776400000, "capitalSurplus": 6773100000, "totalLiab": 16374000000, "totalStockholderEquity": 13507400000, "minorityInterest": 228400000, "otherCurrentLiab": 385100000, "totalAssets": 30109800000, "commonStock": 662800000, "otherCurrentAssets": 245600000, "retainedEarnings": 7692900000, "otherLiab": 3084900000, "goodWill": 8260800000, "treasuryStock": -1621400000, "otherAssets": 698000000, "cash": 1057900000, "totalCurrentLiabilities": 4300900000, "shortLongTermDebt": 1583100000, "otherStockholderEquity": -1150000000, "propertyPlantEquipment": 4608300000, "totalCurrentAssets": 2766300000, "netTangibleAssets": -8529800000, "netReceivables": 871000000, "longTermDebt": 8906100000, "inventory": 591800000, "accountsPayable": 1616800000}}, "quarterly": {"2022-06-30": {"intangibleAssets": 12993500000, "capitalSurplus": 6984100000, "totalLiab": 13785100000, "totalStockholderEquity": 13372800000, "minorityInterest": 230000000, "otherCurrentLiab": 51000000, "totalAssets": 27387900000, "commonStock": 521500000, "otherCurrentAssets": 465700000, "retainedEarnings": 7433800000, "otherLiab": 3615900000, "goodWill": 6148500000, "treasuryStock": -1566600000, "otherAssets": 1075700000, "cash": 442100000, "totalCurrentLiabilities": 3514300000, "shortLongTermDebt": 2100000, "otherStockholderEquity": -1069000000, "propertyPlantEquipment": 4298300000, "totalCurrentAssets": 2871900000, "netTangibleAssets": -5769200000, "netReceivables": 1091700000, "longTermDebt": 6499100000, "inventory": 872400000, "accountsPayable": 3171400000}, "2022-03-31": {"otherCurrentLiab": 54600000, "otherLiab": 3618600000, "otherAssets": 1147600000, "shortLongTermDebt": 532000000, "propertyPlantEquipment": 4326500000, "longTermDebt": 6630100000, "accountsPayable": 2789200000}, "2021-12-31": {"intangibleAssets": 13286800000, "capitalSurplus": 6970900000, "totalLiab": 13954900000, "totalStockholderEquity": 13417100000, "minorityInterest": 247000000, "otherCurrentLiab": 318400000, "totalAssets": 27619000000, "commonStock": 522100000, "otherCurrentAssets": 457200000, "retainedEarnings": 7401500000, "otherLiab": 3494600000, "goodWill": 6152600000, "treasuryStock": -1477400000, "otherAssets": 1089400000, "cash": 637400000, "totalCurrentLiabilities": 3622200000, "deferredLongTermAssetCharges": 180200000, "shortLongTermDebt": 571100000, "otherStockholderEquity": -1006000000, "propertyPlantEquipment": 4311500000, "totalCurrentAssets": 2778700000, "netTangibleAssets": -6022300000, "netReceivables": 879400000, "longTermDebt": 6687700000, "inventory": 804700000, "accountsPayable": 2098100000}, "2021-09-30": {"intangibleAssets": 13345600000, "capitalSurplus": 6963500000, "totalLiab": 14121000000, "totalStockholderEquity": 13275500000, "minorityInterest": 247000000, "otherCurrentLiab": 40400000, "totalAssets": 27643500000, "commonStock": 522100000, "otherCurrentAssets": 505500000, "retainedEarnings": 7395800000, "otherLiab": 3498300000, "goodWill": 6151800000, "treasuryStock": -1605900000, "otherAssets": 987600000, "cash": 616300000, "totalCurrentLiabilities": 3779800000, "shortLongTermDebt": 572500000, "otherStockholderEquity": -1134500000, "propertyPlantEquipment": 4238600000, "totalCurrentAssets": 2919900000, "netTangibleAssets": -6221900000, "netReceivables": 991600000, "longTermDebt": 6685900000, "inventory": 806500000, "accountsPayable": 3064000000}}}, "income": {"annual": {"2021-12-31": {"researchDevelopment": null, "effectOfAccountingCharges": null, "incomeBeforeTax": 1239000000, "minorityInterest": 247000000, "netIncome": 1005700000, "sellingGeneralAdministrative": 2290100000, "grossProfit": 4053400000, "ebit": 1545300000, "operatingIncome": 1545300000, "otherOperatingExpenses": null, "interestExpense": -260300000, "extraordinaryItems": null, "nonRecurring": null, "otherItems": null, "incomeTaxExpense": 230500000, "totalRevenue": 10279700000, "totalOperatingExpenses": 8734400000, "costOfRevenue": 6226300000, "totalOtherIncomeExpenseNet": -306300000, "discontinuedOperations": null, "netIncomeFromContinuingOps": 1008500000, "netIncomeApplicableToCommonShares": 1005700000}, "2020-12-31": {"researchDevelopment": null, "effectOfAccountingCharges": null, "incomeBeforeTax": -643900000, "minorityInterest": 256300000, "netIncome": -949000000, "sellingGeneralAdministrative": 2186700000, "grossProfit": 3768300000, "ebit": 1361600000, "operatingIncome": 1361600000, "otherOperatingExpenses": null, "interestExpense": -274600000, "extraordinaryItems": null, "nonRecurring": null, "otherItems": null, "incomeTaxExpense": 301800000, "totalRevenue": 9654000000, "totalOperatingExpenses": 8292400000, "costOfRevenue": 5885700000, "totalOtherIncomeExpenseNet": -2005500000, "discontinuedOperations": null, "netIncomeFromContinuingOps": -945700000, "netIncomeApplicableToCommonShares": -949000000}, "2019-12-31": {"researchDevelopment": null, "effectOfAccountingCharges": null, "incomeBeforeTax": 479900000, "minorityInterest": 253700000, "netIncome": 241700000, "sellingGeneralAdministrative": 2478900000, "grossProfit": 4201200000, "ebit": 1501100000, "operatingIncome": 1501100000, "otherOperatingExpenses": null, "interestExpense": -280900000, "extraordinaryItems": null, "nonRecurring": null, "otherItems": null, "incomeTaxExpense": 233700000, "totalRevenue": 10579400000, "totalOperatingExpenses": 9078300000, "costOfRevenue": 6378200000, "totalOtherIncomeExpenseNet": -1021200000, "discontinuedOperations": null, "netIncomeFromContinuingOps": 246200000, "netIncomeApplicableToCommonShares": 241700000}, "2018-12-31": {"researchDevelopment": null, "effectOfAccountingCharges": null, "incomeBeforeTax": 1359800000, "minorityInterest": 228400000, "netIncome": 1116500000, "sellingGeneralAdministrative": 2725700000, "grossProfit": 4184800000, "ebit": 1459100000, "operatingIncome": 1459100000, "otherOperatingExpenses": null, "interestExpense": -306200000, "extraordinaryItems": null, "nonRecurring": null, "otherItems": null, "incomeTaxExpense": 225200000, "totalRevenue": 10769600000, "totalOperatingExpenses": 9310500000, "costOfRevenue": 6584800000, "totalOtherIncomeExpenseNet": -99300000, "discontinuedOperations": null, "netIncomeFromContinuingOps": 1134600000, "netIncomeApplicableToCommonShares": 1116500000}}, "quarterly": {"2022-06-30": {"researchDevelopment": null, "effectOfAccountingCharges": null, "incomeBeforeTax": 54900000, "minorityInterest": 230000000, "netIncome": 47300000, "sellingGeneralAdministrative": 697300000, "grossProfit": 820000000, "ebit": 122700000, "operatingIncome": 122700000, "otherOperatingExpenses": null, "interestExpense": -66600000, "extraordinaryItems": null, "nonRecurring": null, "otherItems": null, "incomeTaxExpense": 7000000, "totalRevenue": 2921700000, "totalOperatingExpenses": 2799000000, "costOfRevenue": 2101700000, "totalOtherIncomeExpenseNet": -67800000, "discontinuedOperations": null, "netIncomeFromContinuingOps": 47900000, "netIncomeApplicableToCommonShares": 47300000}, "2022-03-31": {"researchDevelopment": null, "effectOfAccountingCharges": null, "incomeBeforeTax": 54900000, "minorityInterest": 230000000, "netIncome": 0, "sellingGeneralAdministrative": 697300000, "grossProfit": 0, "ebit": 0, "operatingIncome": 122700000, "otherOperatingExpenses": null, "interestExpense": -66600000, "extraordinaryItems": null, "nonRecurring": null, "otherItems": null, "incomeTaxExpense": 0, "totalRevenue": 0, "totalOperatingExpenses": 0, "costOfRevenue": 0, "totalOtherIncomeExpenseNet": -25700000, "discontinuedOperations": null, "netIncomeFromContinuingOps": 47900000, "netIncomeApplicableToCommonShares": 47300000}, "2021-12-31": {"researchDevelopment": null, "effectOfAccountingCharges": null, "incomeBeforeTax": 109500000, "minorityInterest": 247000000, "netIncome": 80000000, "sellingGeneralAdministrative": 602900000, "grossProfit": 857300000, "ebit": 199700000, "operatingIncome": 199700000, "otherOperatingExpenses": null, "interestExpense": -57700000, "extraordinaryItems": null, "nonRecurring": null, "otherItems": null, "incomeTaxExpense": 27100000, "totalRevenue": 2619200000, "totalOperatingExpenses": 2419500000, "costOfRevenue": 1761900000, "totalOtherIncomeExpenseNet": -90200000, "discontinuedOperations": null, "netIncomeFromContinuingOps": 82400000, "netIncomeApplicableToCommonShares": 80000000}, "2021-09-30": {"researchDevelopment": null, "effectOfAccountingCharges": null, "incomeBeforeTax": 480600000, "minorityInterest": 247000000, "netIncome": 453000000, "sellingGeneralAdministrative": 597900000, "grossProfit": 1193600000, "ebit": 541700000, "operatingIncome": 541700000, "otherOperatingExpenses": null, "interestExpense": -63700000, "extraordinaryItems": null, "nonRecurring": null, "otherItems": null, "incomeTaxExpense": 26800000, "totalRevenue": 2822700000, "totalOperatingExpenses": 2281000000, "costOfRevenue": 1629100000, "totalOtherIncomeExpenseNet": -61100000, "discontinuedOperations": null, "netIncomeFromContinuingOps": 453800000, "netIncomeApplicableToCommonShares": 453000000}}}, "cash": {"annual": {"2021-12-31": {"changeToLiabilities": 285500000, "totalCashflowsFromInvestingActivities": -509900000, "netBorrowings": -1005200000, "totalCashFromFinancingActivities": -1172200000, "changeToOperatingActivities": -40100000, "issuanceOfStock": 4600000, "netIncome": 1005700000, "changeInCash": -132700000, "effectOfExchangeRate": -24100000, "totalCashFromOperatingActivities": 1573500000, "depreciation": 770700000, "otherCashflowsFromInvestingActivities": -13300000, "dividendsPaid": -147800000, "changeToInventory": -143900000, "changeToAccountReceivables": -137600000, "otherCashflowsFromFinancingActivities": -23800000, "changeToNetincome": -173500000, "capitalExpenditures": -522600000}, "2020-12-31": {"changeToLiabilities": -50100000, "totalCashflowsFromInvestingActivities": -413600000, "netBorrowings": -917400000, "totalCashFromFinancingActivities": -1070400000, "changeToOperatingActivities": 11600000, "issuanceOfStock": 4100000, "netIncome": -949000000, "changeInCash": 246700000, "effectOfExchangeRate": 35000000, "totalCashFromOperatingActivities": 1695700000, "depreciation": 809700000, "otherCashflowsFromInvestingActivities": 2400000, "dividendsPaid": -125300000, "changeToInventory": -46200000, "changeToAccountReceivables": 160800000, "otherCashflowsFromFinancingActivities": -31800000, "changeToNetincome": 1750800000, "capitalExpenditures": -574800000}, "2019-12-31": {"changeToLiabilities": -53000000, "totalCashflowsFromInvestingActivities": -433300000, "netBorrowings": -1587900000, "totalCashFromFinancingActivities": -2007000000, "changeToOperatingActivities": 4500000, "issuanceOfStock": 1600000, "netIncome": 241700000, "changeInCash": -534500000, "effectOfExchangeRate": 8500000, "totalCashFromOperatingActivities": 1897300000, "depreciation": 827300000, "otherCashflowsFromInvestingActivities": 44600000, "dividendsPaid": -424400000, "changeToInventory": -17700000, "changeToAccountReceivables": 38500000, "otherCashflowsFromFinancingActivities": 3700000, "changeToNetincome": 842400000, "capitalExpenditures": -593800000}, "2018-12-31": {"changeToLiabilities": 27600000, "totalCashflowsFromInvestingActivities": -669100000, "netBorrowings": -694100000, "totalCashFromFinancingActivities": -1008900000, "changeToOperatingActivities": -132700000, "issuanceOfStock": 16000000, "netIncome": 1116500000, "changeInCash": 639300000, "effectOfExchangeRate": -14000000, "totalCashFromOperatingActivities": 2331300000, "depreciation": 826800000, "otherCashflowsFromInvestingActivities": -49900000, "dividendsPaid": -354200000, "changeToInventory": -10600000, "changeToAccountReceivables": -38400000, "otherCashflowsFromFinancingActivities": 23400000, "changeToNetincome": 529400000, "capitalExpenditures": -651700000}}, "quarterly": {"2022-06-30": {"changeToLiabilities": 0, "totalCashflowsFromInvestingActivities": -143300000, "netBorrowings": -448300000, "totalCashFromFinancingActivities": -542300000, "changeToOperatingActivities": 254800000, "issuanceOfStock": 600000, "netIncome": 47300000, "changeInCash": 83400000, "repurchaseOfStock": -12100000, "effectOfExchangeRate": -17100000, "totalCashFromOperatingActivities": 786100000, "depreciation": 171700000, "otherCashflowsFromInvestingActivities": -200000, "dividendsPaid": -82500000, "changeToNetincome": 309800000, "capitalExpenditures": -144900000}, "2022-03-31": {"changeToLiabilities": 0, "totalCashflowsFromInvestingActivities": -143300000, "netBorrowings": -448300000, "totalCashFromFinancingActivities": -542300000, "changeToOperatingActivities": 254800000, "issuanceOfStock": 600000, "netIncome": 0, "changeInCash": 83400000, "repurchaseOfStock": -12100000, "effectOfExchangeRate": -17100000, "totalCashFromOperatingActivities": 786100000, "depreciation": 171700000, "otherCashflowsFromInvestingActivities": -200000, "dividendsPaid": -82500000, "changeToNetincome": 309800000, "capitalExpenditures": -144900000}, "2021-12-31": {"changeToLiabilities": 285500000, "totalCashflowsFromInvestingActivities": -156800000, "netBorrowings": -24900000, "totalCashFromFinancingActivities": -122600000, "changeToOperatingActivities": 13500000, "issuanceOfStock": 600000, "netIncome": 80000000, "changeInCash": 21100000, "repurchaseOfStock": -12100000, "effectOfExchangeRate": -5300000, "totalCashFromOperatingActivities": 305800000, "depreciation": 166500000, "otherCashflowsFromInvestingActivities": 500000, "dividendsPaid": -73900000, "changeToInventory": -143900000, "changeToAccountReceivables": -137600000, "otherCashflowsFromFinancingActivities": -23800000, "changeToNetincome": 39900000, "capitalExpenditures": -159200000}, "2021-09-30": {"changeToLiabilities": 0, "totalCashflowsFromInvestingActivities": -153000000, "netBorrowings": -972100000, "totalCashFromFinancingActivities": -1045700000, "changeToOperatingActivities": 800000, "issuanceOfStock": 100000, "netIncome": 453000000, "changeInCash": -692600000, "repurchaseOfStock": -12100000, "effectOfExchangeRate": -13100000, "totalCashFromOperatingActivities": 519200000, "depreciation": 200300000, "otherCashflowsFromInvestingActivities": -22400000, "dividendsPaid": -73700000, "changeToInventory": -143900000, "changeToAccountReceivables": -137600000, "otherCashflowsFromFinancingActivities": -23800000, "changeToNetincome": -136600000, "capitalExpenditures": -151500000}}}}, "LW": {"balance": {"annual": {"2022-05-29": {"intangibleAssets": 33700000, "totalLiab": 3779300000, "totalStockholderEquity": 360500000, "otherCurrentLiab": 35300000, "totalAssets": 4139800000, "commonStock": 148000000, "otherCurrentAssets": 7000000, "retainedEarnings": 1305500000, "otherLiab": 279700000, "goodWill": 318000000, "treasuryStock": -1093000000, "otherAssets": 172900000, "cash": 525000000, "totalCurrentLiabilities": 699100000, "deferredLongTermAssetCharges": 2700000, "shortLongTermDebt": 31300000, "otherStockholderEquity": -828900000, "propertyPlantEquipment": 1698200000, "totalCurrentAssets": 1659600000, "longTermInvestments": 257400000, "netTangibleAssets": 8800000, "netReceivables": 447300000, "longTermDebt": 2689700000, "inventory": 574400000, "accountsPayable": 402600000}, "2021-05-30": {"intangibleAssets": 36900000, "totalLiab": 3728800000, "totalStockholderEquity": 480600000, "otherCurrentLiab": 34400000, "totalAssets": 4209400000, "commonStock": 147600000, "otherCurrentAssets": 15300000, "retainedEarnings": 1244600000, "otherLiab": 284900000, "goodWill": 334500000, "treasuryStock": -911600000, "otherAssets": 80400000, "cash": 783500000, "totalCurrentLiabilities": 618200000, "deferredLongTermAssetCharges": 2200000, "shortLongTermDebt": 31300000, "otherStockholderEquity": -807300000, "propertyPlantEquipment": 1665700000, "totalCurrentAssets": 1781700000, "longTermInvestments": 310200000, "netTangibleAssets": 109200000, "netReceivables": 366900000, "longTermDebt": 2698800000, "inventory": 513500000, "accountsPayable": 359300000}, "2020-05-31": {"intangibleAssets": 38300000, "totalLiab": 4422300000, "totalStockholderEquity": 240000000, "otherCurrentLiab": 34900000, "totalAssets": 4662300000, "commonStock": 147000000, "retainedEarnings": 1064600000, "otherLiab": 260200000, "goodWill": 303800000, "treasuryStock": -971600000, "otherAssets": 65400000, "cash": 1364000000, "totalCurrentLiabilities": 1024900000, "deferredLongTermAssetCharges": 2300000, "shortLongTermDebt": 46000000, "otherStockholderEquity": -903400000, "propertyPlantEquipment": 1702000000, "totalCurrentAssets": 2302600000, "longTermInvestments": 250200000, "netTangibleAssets": -102100000, "netReceivables": 342100000, "longTermDebt": 2982100000, "inventory": 486700000, "accountsPayable": 244400000}, "2019-05-26": {"intangibleAssets": 37600000, "totalLiab": 3052700000, "totalStockholderEquity": -4600000, "otherCurrentLiab": 29700000, "totalAssets": 3048100000, "commonStock": 146700000, "retainedEarnings": 803600000, "otherLiab": 219700000, "goodWill": 205900000, "treasuryStock": -954900000, "otherAssets": 20700000, "cash": 12200000, "totalCurrentLiabilities": 552800000, "deferredLongTermAssetCharges": 1800000, "shortLongTermDebt": 33700000, "otherStockholderEquity": -915600000, "propertyPlantEquipment": 1597800000, "totalCurrentAssets": 961500000, "longTermInvestments": 224600000, "netTangibleAssets": -248100000, "netReceivables": 340100000, "longTermDebt": 2205600000, "inventory": 498300000, "accountsPayable": 289200000}}, "quarterly": {"2022-05-29": {"intangibleAssets": 33700000, "totalLiab": 3779300000, "totalStockholderEquity": 360500000, "otherCurrentLiab": 35300000, "totalAssets": 4139800000, "commonStock": 148000000, "otherCurrentAssets": 7000000, "retainedEarnings": 1305500000, "otherLiab": 279700000, "goodWill": 318000000, "treasuryStock": -1093000000, "otherAssets": 172900000, "cash": 525000000, "totalCurrentLiabilities": 699100000, "deferredLongTermAssetCharges": 2700000, "shortLongTermDebt": 31300000, "otherStockholderEquity": -828900000, "propertyPlantEquipment": 1698200000, "totalCurrentAssets": 1659600000, "longTermInvestments": 257400000, "netTangibleAssets": 8800000, "netReceivables": 447300000, "longTermDebt": 2689700000, "inventory": 574400000, "accountsPayable": 402600000}, "2022-02-27": {"intangibleAssets": 34500000, "totalLiab": 3708500000, "totalStockholderEquity": 392300000, "otherCurrentLiab": 35400000, "totalAssets": 4100800000, "commonStock": 148000000, "otherCurrentAssets": 6000000, "retainedEarnings": 1309100000, "otherLiab": 398600000, "goodWill": 321800000, "treasuryStock": -1064800000, "otherAssets": 136700000, "cash": 428600000, "totalCurrentLiabilities": 612900000, "shortLongTermDebt": 32200000, "otherStockholderEquity": -826800000, "propertyPlantEquipment": 1684300000, "totalCurrentAssets": 1610700000, "longTermInvestments": 312800000, "netTangibleAssets": 36000000, "netReceivables": 430600000, "longTermDebt": 2689800000, "inventory": 634500000, "accountsPayable": 349300000}, "2021-11-28": {"intangibleAssets": 35000000, "totalLiab": 3790400000, "totalStockholderEquity": 365200000, "otherCurrentLiab": 34200000, "totalAssets": 4155600000, "commonStock": 148000000, "retainedEarnings": 1238300000, "otherLiab": 405300000, "goodWill": 318600000, "treasuryStock": -1021100000, "otherAssets": 85400000, "cash": 621900000, "totalCurrentLiabilities": 693000000, "shortLongTermDebt": 32200000, "otherStockholderEquity": -833300000, "propertyPlantEquipment": 1704100000, "totalCurrentAssets": 1717800000, "longTermInvestments": 294700000, "netTangibleAssets": 11600000, "netReceivables": 423200000, "longTermDebt": 2692100000, "inventory": 613900000, "accountsPayable": 445400000}, "2021-08-29": {"intangibleAssets": 35800000, "totalLiab": 3748900000, "totalStockholderEquity": 427400000, "otherCurrentLiab": 34400000, "totalAssets": 4176300000, "commonStock": 148000000, "otherCurrentAssets": 8500000, "retainedEarnings": 1240000000, "otherLiab": 400300000, "goodWill": 323500000, "treasuryStock": -960600000, "otherAssets": 82400000, "cash": 789700000, "totalCurrentLiabilities": 650000000, "shortLongTermDebt": 32000000, "otherStockholderEquity": -822900000, "propertyPlantEquipment": 1700800000, "totalCurrentAssets": 1735000000, "longTermInvestments": 298800000, "netTangibleAssets": 68100000, "netReceivables": 401300000, "longTermDebt": 2691400000, "inventory": 469200000, "accountsPayable": 380400000}}}, "income": {"annual": {"2022-05-29": {"researchDevelopment": 16200000, "effectOfAccountingCharges": null, "incomeBeforeTax": 272700000, "minorityInterest": null, "netIncome": 200900000, "sellingGeneralAdministrative": 368100000, "grossProfit": 832000000, "ebit": 447700000, "operatingIncome": 447700000, "otherOperatingExpenses": null, "interestExpense": -107700000, "extraordinaryItems": null, "nonRecurring": null, "otherItems": null, "incomeTaxExpense": 71800000, "totalRevenue": 4098900000, "totalOperatingExpenses": 3651200000, "costOfRevenue": 3266900000, "totalOtherIncomeExpenseNet": -175000000, "discontinuedOperations": null, "netIncomeFromContinuingOps": 200900000, "netIncomeApplicableToCommonShares": 200900000}, "2021-05-30": {"researchDevelopment": 12900000, "effectOfAccountingCharges": null, "incomeBeforeTax": 408300000, "minorityInterest": null, "netIncome": 317800000, "sellingGeneralAdministrative": 345600000, "grossProfit": 832000000, "ebit": 473500000, "operatingIncome": 473500000, "otherOperatingExpenses": null, "interestExpense": -117300000, "extraordinaryItems": null, "nonRecurring": null, "otherItems": null, "incomeTaxExpense": 90500000, "totalRevenue": 3670900000, "totalOperatingExpenses": 3197400000, "costOfRevenue": 2838900000, "totalOtherIncomeExpenseNet": -65200000, "discontinuedOperations": null, "netIncomeFromContinuingOps": 317800000, "netIncomeApplicableToCommonShares": 317800000}, "2020-05-31": {"researchDevelopment": 15400000, "effectOfAccountingCharges": null, "incomeBeforeTax": 478200000, "minorityInterest": null, "netIncome": 365900000, "sellingGeneralAdministrative": 322800000, "grossProfit": 895200000, "ebit": 557000000, "operatingIncome": 557000000, "otherOperatingExpenses": null, "interestExpense": -106300000, "extraordinaryItems": null, "nonRecurring": null, "otherItems": null, "incomeTaxExpense": 112300000, "totalRevenue": 3792400000, "totalOperatingExpenses": 3235400000, "costOfRevenue": 2897200000, "totalOtherIncomeExpenseNet": -78800000, "discontinuedOperations": null, "netIncomeFromContinuingOps": 365900000, "netIncomeApplicableToCommonShares": 365900000}, "2019-05-26": {"researchDevelopment": 15400000, "effectOfAccountingCharges": null, "incomeBeforeTax": 620800000, "minorityInterest": null, "netIncome": 478600000, "sellingGeneralAdministrative": 316400000, "grossProfit": 1003500000, "ebit": 671700000, "operatingIncome": 671700000, "otherOperatingExpenses": null, "interestExpense": -107100000, "extraordinaryItems": null, "nonRecurring": null, "otherItems": null, "incomeTaxExpense": 133600000, "totalRevenue": 3756500000, "totalOperatingExpenses": 3084800000, "costOfRevenue": 2753000000, "totalOtherIncomeExpenseNet": -50900000, "discontinuedOperations": null, "netIncomeFromContinuingOps": 487200000, "netIncomeApplicableToCommonShares": 467800000}}, "quarterly": {"2022-05-29": {"researchDevelopment": 16200000, "effectOfAccountingCharges": null, "incomeBeforeTax": 54400000, "minorityInterest": null, "netIncome": 32000000, "sellingGeneralAdministrative": 98700000, "grossProfit": 254200000, "ebit": 139300000, "operatingIncome": 139300000, "otherOperatingExpenses": null, "interestExpense": -24900000, "extraordinaryItems": null, "nonRecurring": null, "otherItems": null, "incomeTaxExpense": 22400000, "totalRevenue": 1153100000, "totalOperatingExpenses": 1013800000, "costOfRevenue": 898900000, "totalOtherIncomeExpenseNet": -84900000, "discontinuedOperations": null, "netIncomeFromContinuingOps": 32000000, "netIncomeApplicableToCommonShares": 32000000}, "2022-02-27": {"researchDevelopment": 16200000, "effectOfAccountingCharges": null, "incomeBeforeTax": 137700000, "minorityInterest": null, "netIncome": 106600000, "sellingGeneralAdministrative": 87200000, "grossProfit": 221000000, "ebit": 133800000, "operatingIncome": 133800000, "otherOperatingExpenses": null, "interestExpense": -25800000, "extraordinaryItems": null, "nonRecurring": null, "otherItems": null, "incomeTaxExpense": 31100000, "totalRevenue": 955000000, "totalOperatingExpenses": 821200000, "costOfRevenue": 734000000, "totalOtherIncomeExpenseNet": 3900000, "discontinuedOperations": null, "netIncomeFromContinuingOps": 106600000, "netIncomeApplicableToCommonShares": 106600000}, "2021-11-28": {"researchDevelopment": 16200000, "effectOfAccountingCharges": null, "incomeBeforeTax": 42100000, "minorityInterest": null, "netIncome": 32500000, "sellingGeneralAdministrative": 91100000, "grossProfit": 205500000, "ebit": 114400000, "operatingIncome": 114400000, "otherOperatingExpenses": null, "interestExpense": -29100000, "extraordinaryItems": null, "nonRecurring": null, "otherItems": null, "incomeTaxExpense": 9600000, "totalRevenue": 1006600000, "totalOperatingExpenses": 892200000, "costOfRevenue": 801100000, "totalOtherIncomeExpenseNet": -72300000, "discontinuedOperations": null, "netIncomeFromContinuingOps": 32500000, "netIncomeApplicableToCommonShares": 32500000}, "2021-08-29": {"researchDevelopment": 16200000, "effectOfAccountingCharges": null, "incomeBeforeTax": 38500000, "minorityInterest": null, "netIncome": 29800000, "sellingGeneralAdministrative": 91100000, "grossProfit": 151300000, "ebit": 60200000, "operatingIncome": 60200000, "otherOperatingExpenses": null, "interestExpense": -27900000, "extraordinaryItems": null, "nonRecurring": null, "otherItems": null, "incomeTaxExpense": 8700000, "totalRevenue": 984200000, "totalOperatingExpenses": 924000000, "costOfRevenue": 832900000, "totalOtherIncomeExpenseNet": -21700000, "discontinuedOperations": null, "netIncomeFromContinuingOps": 29800000, "netIncomeApplicableToCommonShares": 29800000}}}, "cash": {"annual": {"2022-05-29": {"changeToLiabilities": 16500000, "totalCashflowsFromInvestingActivities": -310500000, "netBorrowings": -61600000, "totalCashFromFinancingActivities": -363400000, "changeToOperatingActivities": 25300000, "netIncome": 200900000, "changeInCash": -258500000, "repurchaseOfStock": -158400000, "effectOfExchangeRate": -2700000, "totalCashFromOperatingActivities": 418100000, "depreciation": 192100000, "otherCashflowsFromInvestingActivities": -20400000, "dividendsPaid": -138400000, "changeToInventory": -63000000, "changeToAccountReceivables": -76300000, "otherCashflowsFromFinancingActivities": -5000000, "changeToNetincome": 111000000, "capitalExpenditures": -290100000}, "2021-05-30": {"changeToLiabilities": 104700000, "totalCashflowsFromInvestingActivities": -162500000, "netBorrowings": -804300000, "totalCashFromFinancingActivities": -974000000, "changeToOperatingActivities": -13900000, "netIncome": 317800000, "changeInCash": -580500000, "repurchaseOfStock": -36100000, "effectOfExchangeRate": 2800000, "totalCashFromOperatingActivities": 553200000, "depreciation": 187800000, "otherCashflowsFromInvestingActivities": -15300000, "dividendsPaid": -135300000, "changeToInventory": -22000000, "changeToAccountReceivables": -21000000, "otherCashflowsFromFinancingActivities": 1700000, "changeToNetincome": 3100000, "capitalExpenditures": -147200000}, "2020-05-31": {"investments": -22600000, "changeToLiabilities": -34900000, "totalCashflowsFromInvestingActivities": -346000000, "netBorrowings": 1277100000, "totalCashFromFinancingActivities": 1125000000, "changeToOperatingActivities": -18100000, "netIncome": 365900000, "changeInCash": 1351800000, "repurchaseOfStock": -28900000, "effectOfExchangeRate": -1200000, "totalCashFromOperatingActivities": 574000000, "depreciation": 182300000, "otherCashflowsFromInvestingActivities": -39000000, "dividendsPaid": -121300000, "changeToInventory": 15300000, "changeToAccountReceivables": 1100000, "otherCashflowsFromFinancingActivities": -1900000, "changeToNetincome": 59700000, "capitalExpenditures": -167700000}, "2019-05-26": {"investments": -22600000, "changeToLiabilities": 32900000, "totalCashflowsFromInvestingActivities": -423000000, "netBorrowings": -67700000, "totalCashFromFinancingActivities": -299600000, "changeToOperatingActivities": -18100000, "netIncome": 478600000, "changeInCash": -43400000, "repurchaseOfStock": -36400000, "effectOfExchangeRate": -1700000, "totalCashFromOperatingActivities": 680900000, "depreciation": 157700000, "otherCashflowsFromInvestingActivities": -200000, "dividendsPaid": -113300000, "changeToInventory": -15800000, "changeToAccountReceivables": -25100000, "otherCashflowsFromFinancingActivities": -82200000, "changeToNetincome": 64300000, "capitalExpenditures": -334200000}}, "quarterly": {"2022-05-29": {"changeToLiabilities": 20300000, "totalCashflowsFromInvestingActivities": -84300000, "netBorrowings": -1100000, "totalCashFromFinancingActivities": -61200000, "changeToOperatingActivities": 42800000, "netIncome": 32000000, "changeInCash": 96400000, "repurchaseOfStock": -24700000, "effectOfExchangeRate": -2200000, "totalCashFromOperatingActivities": 244100000, "depreciation": 49700000, "otherCashflowsFromInvestingActivities": -12000000, "dividendsPaid": -35400000, "changeToInventory": 58200000, "changeToAccountReceivables": -12200000, "changeToNetincome": 58100000, "capitalExpenditures": -72300000}, "2022-02-27": {"changeToLiabilities": -98500000, "totalCashflowsFromInvestingActivities": -78600000, "netBorrowings": 5800000, "totalCashFromFinancingActivities": -82900000, "changeToOperatingActivities": -64500000, "netIncome": 106600000, "changeInCash": -193300000, "repurchaseOfStock": -50200000, "effectOfExchangeRate": 1700000, "totalCashFromOperatingActivities": -33500000, "depreciation": 50200000, "otherCashflowsFromInvestingActivities": -7900000, "dividendsPaid": -34300000, "changeToInventory": -19900000, "changeToAccountReceivables": -6400000, "otherCashflowsFromFinancingActivities": -4200000, "changeToNetincome": -11600000, "capitalExpenditures": -70700000}, "2021-11-28": {"changeToLiabilities": 84700000, "totalCashflowsFromInvestingActivities": -68800000, "netBorrowings": -58400000, "totalCashFromFinancingActivities": -143500000, "changeToOperatingActivities": 2200000, "netIncome": 32500000, "changeInCash": -167800000, "repurchaseOfStock": -50100000, "effectOfExchangeRate": -1200000, "totalCashFromOperatingActivities": 45700000, "depreciation": 46200000, "otherCashflowsFromInvestingActivities": -600000, "dividendsPaid": -34300000, "changeToInventory": -144700000, "changeToAccountReceivables": -22600000, "otherCashflowsFromFinancingActivities": -700000, "changeToNetincome": 52600000, "capitalExpenditures": -68200000}, "2021-08-29": {"changeToLiabilities": 10000000, "totalCashflowsFromInvestingActivities": -78800000, "netBorrowings": -7900000, "totalCashFromFinancingActivities": -75800000, "changeToOperatingActivities": 44800000, "netIncome": 29800000, "changeInCash": 6200000, "repurchaseOfStock": -33400000, "effectOfExchangeRate": -1000000, "totalCashFromOperatingActivities": 161800000, "depreciation": 46000000, "otherCashflowsFromInvestingActivities": 100000, "dividendsPaid": -34400000, "changeToInventory": 43400000, "changeToAccountReceivables": -35100000, "otherCashflowsFromFinancingActivities": -100000, "changeToNetincome": 11900000, "capitalExpenditures": -78900000}}}}, "BF-B": {"balance": {"annual": {"2022-04-30": {"intangibleAssets": 586000000, "totalLiab": 3636000000, "totalStockholderEquity": 2737000000, "otherCurrentLiab": 82000000, "totalAssets": 6373000000, "commonStock": 72000000, "otherCurrentAssets": 122000000, "retainedEarnings": 3242000000, "otherLiab": 529000000, "goodWill": 761000000, "treasuryStock": -577000000, "otherAssets": 301000000, "cash": 868000000, "totalCurrentLiabilities": 1034000000, "deferredLongTermAssetCharges": 74000000, "shortLongTermDebt": 250000000, "otherStockholderEquity": -352000000, "propertyPlantEquipment": 949000000, "totalCurrentAssets": 3776000000, "netTangibleAssets": 1390000000, "netReceivables": 813000000, "longTermDebt": 2019000000, "inventory": 1818000000, "accountsPayable": 218000000}, "2021-04-30": {"intangibleAssets": 676000000, "totalLiab": 3866000000, "totalStockholderEquity": 2656000000, "otherCurrentLiab": 34000000, "totalAssets": 6522000000, "commonStock": 72000000, "otherCurrentAssets": 93000000, "retainedEarnings": 3243000000, "otherLiab": 545000000, "goodWill": 779000000, "treasuryStock": -659000000, "otherAssets": 251000000, "cash": 1150000000, "totalCurrentLiabilities": 918000000, "deferredLongTermAssetCharges": 70000000, "otherStockholderEquity": -422000000, "propertyPlantEquipment": 899000000, "totalCurrentAssets": 3917000000, "netTangibleAssets": 1201000000, "netReceivables": 753000000, "longTermDebt": 2354000000, "inventory": 1751000000, "accountsPayable": 172000000}, "2020-04-30": {"intangibleAssets": 635000000, "totalLiab": 3791000000, "totalStockholderEquity": 1975000000, "otherCurrentLiab": 32000000, "totalAssets": 5766000000, "commonStock": 72000000, "otherCurrentAssets": 140000000, "retainedEarnings": 2708000000, "otherLiab": 605000000, "goodWill": 756000000, "treasuryStock": -805000000, "otherAssets": 211000000, "cash": 675000000, "totalCurrentLiabilities": 880000000, "deferredLongTermAssetCharges": 15000000, "otherStockholderEquity": -547000000, "propertyPlantEquipment": 899000000, "totalCurrentAssets": 3265000000, "netTangibleAssets": 584000000, "netReceivables": 570000000, "longTermDebt": 2269000000, "inventory": 1685000000, "accountsPayable": 131000000}, "2019-04-30": {"intangibleAssets": 645000000, "totalLiab": 3492000000, "totalStockholderEquity": 1647000000, "otherCurrentLiab": 14000000, "totalAssets": 5139000000, "commonStock": 72000000, "otherCurrentAssets": 92000000, "retainedEarnings": 2238000000, "otherLiab": 499000000, "goodWill": 753000000, "treasuryStock": -663000000, "otherAssets": 206000000, "cash": 307000000, "totalCurrentLiabilities": 703000000, "deferredLongTermAssetCharges": 16000000, "otherStockholderEquity": -363000000, "propertyPlantEquipment": 816000000, "totalCurrentAssets": 2719000000, "netTangibleAssets": 249000000, "netReceivables": 609000000, "longTermDebt": 2290000000, "inventory": 1520000000, "accountsPayable": 150000000}}, "quarterly": {"2022-04-30": {"intangibleAssets": 586000000, "totalLiab": 3636000000, "totalStockholderEquity": 2737000000, "otherCurrentLiab": 82000000, "totalAssets": 6373000000, "commonStock": 72000000, "otherCurrentAssets": 122000000, "retainedEarnings": 3242000000, "otherLiab": 529000000, "goodWill": 761000000, "treasuryStock": -577000000, "otherAssets": 301000000, "cash": 868000000, "totalCurrentLiabilities": 1034000000, "deferredLongTermAssetCharges": 74000000, "shortLongTermDebt": 250000000, "otherStockholderEquity": -352000000, "propertyPlantEquipment": 949000000, "totalCurrentAssets": 3776000000, "netTangibleAssets": 1390000000, "netReceivables": 813000000, "longTermDebt": 2019000000, "inventory": 1818000000, "accountsPayable": 218000000}, "2022-01-31": {"intangibleAssets": 652000000, "capitalSurplus": 3000000, "totalLiab": 3707000000, "totalStockholderEquity": 2519000000, "otherCurrentLiab": 156000000, "totalAssets": 6226000000, "commonStock": 72000000, "otherCurrentAssets": 276000000, "retainedEarnings": 3091000000, "otherLiab": 597000000, "goodWill": 771000000, "treasuryStock": -647000000, "otherAssets": 332000000, "cash": 812000000, "totalCurrentLiabilities": 1049000000, "deferredLongTermAssetCharges": 67000000, "shortLongTermDebt": 250000000, "otherStockholderEquity": -418000000, "propertyPlantEquipment": 818000000, "totalCurrentAssets": 3653000000, "netTangibleAssets": 1096000000, "netReceivables": 796000000, "longTermDebt": 2061000000, "inventory": 1769000000, "accountsPayable": 627000000}, "2021-10-31": {"intangibleAssets": 663000000, "capitalSurplus": 3000000, "totalLiab": 3693000000, "totalStockholderEquity": 2923000000, "otherCurrentLiab": 56000000, "totalAssets": 6616000000, "commonStock": 72000000, "otherCurrentAssets": 233000000, "retainedEarnings": 3491000000, "otherLiab": 579000000, "goodWill": 776000000, "treasuryStock": -643000000, "otherAssets": 332000000, "cash": 1073000000, "totalCurrentLiabilities": 783000000, "deferredLongTermAssetCharges": 68000000, "otherStockholderEquity": -412000000, "propertyPlantEquipment": 813000000, "totalCurrentAssets": 4032000000, "netTangibleAssets": 1484000000, "netReceivables": 933000000, "longTermDebt": 2331000000, "inventory": 1793000000, "accountsPayable": 708000000}, "2021-07-31": {"intangibleAssets": 670000000, "capitalSurplus": 2000000, "totalLiab": 3896000000, "totalStockholderEquity": 2683000000, "otherCurrentLiab": 157000000, "totalAssets": 6579000000, "commonStock": 72000000, "otherCurrentAssets": 246000000, "retainedEarnings": 3255000000, "otherLiab": 607000000, "goodWill": 778000000, "treasuryStock": -646000000, "otherAssets": 323000000, "cash": 1172000000, "totalCurrentLiabilities": 943000000, "deferredLongTermAssetCharges": 70000000, "otherStockholderEquity": -414000000, "propertyPlantEquipment": 816000000, "totalCurrentAssets": 3992000000, "netTangibleAssets": 1235000000, "netReceivables": 803000000, "longTermDebt": 2346000000, "inventory": 1771000000, "accountsPayable": 631000000}}}, "income": {"annual": {"2022-04-30": {"researchDevelopment": null, "effectOfAccountingCharges": null, "incomeBeforeTax": 1114000000, "minorityInterest": null, "netIncome": 838000000, "sellingGeneralAdministrative": 1141000000, "grossProfit": 2391000000, "ebit": 1236000000, "operatingIncome": 1236000000, "otherOperatingExpenses": 14000000, "interestExpense": -82000000, "extraordinaryItems": null, "nonRecurring": null, "otherItems": null, "incomeTaxExpense": 276000000, "totalRevenue": 3933000000, "totalOperatingExpenses": 2697000000, "costOfRevenue": 1542000000, "totalOtherIncomeExpenseNet": -122000000, "discontinuedOperations": null, "netIncomeFromContinuingOps": 838000000, "netIncomeApplicableToCommonShares": 838000000}, "2021-04-30": {"researchDevelopment": null, "effectOfAccountingCharges": null, "incomeBeforeTax": 1081000000, "minorityInterest": null, "netIncome": 903000000, "sellingGeneralAdministrative": 1076000000, "grossProfit": 2094000000, "ebit": 1016000000, "operatingIncome": 1016000000, "otherOperatingExpenses": 2000000, "interestExpense": -81000000, "extraordinaryItems": null, "nonRecurring": null, "otherItems": null, "incomeTaxExpense": 178000000, "totalRevenue": 3461000000, "totalOperatingExpenses": 2445000000, "costOfRevenue": 1367000000, "totalOtherIncomeExpenseNet": 65000000, "discontinuedOperations": null, "netIncomeFromContinuingOps": 903000000, "netIncomeApplicableToCommonShares": 903000000}, "2020-04-30": {"researchDevelopment": null, "effectOfAccountingCharges": null, "incomeBeforeTax": 1009000000, "minorityInterest": null, "netIncome": 827000000, "sellingGeneralAdministrative": 1030000000, "grossProfit": 2127000000, "ebit": 1100000000, "operatingIncome": 1100000000, "otherOperatingExpenses": -3000000, "interestExpense": -82000000, "extraordinaryItems": null, "nonRecurring": null, "otherItems": null, "incomeTaxExpense": 182000000, "totalRevenue": 3363000000, "totalOperatingExpenses": 2263000000, "costOfRevenue": 1236000000, "totalOtherIncomeExpenseNet": -91000000, "discontinuedOperations": null, "netIncomeFromContinuingOps": 827000000, "netIncomeApplicableToCommonShares": 827000000}, "2019-04-30": {"researchDevelopment": null, "effectOfAccountingCharges": null, "incomeBeforeTax": 1042000000, "minorityInterest": null, "netIncome": 835000000, "sellingGeneralAdministrative": 1059000000, "grossProfit": 2166000000, "ebit": 1116000000, "operatingIncome": 1116000000, "otherOperatingExpenses": -9000000, "interestExpense": -88000000, "extraordinaryItems": null, "nonRecurring": null, "otherItems": null, "incomeTaxExpense": 207000000, "totalRevenue": 3324000000, "totalOperatingExpenses": 2208000000, "costOfRevenue": 1158000000, "totalOtherIncomeExpenseNet": -74000000, "discontinuedOperations": null, "netIncomeFromContinuingOps": 835000000, "netIncomeApplicableToCommonShares": 835000000}}, "quarterly": {"2022-04-30": {"researchDevelopment": null, "effectOfAccountingCharges": null, "incomeBeforeTax": 216000000, "minorityInterest": null, "netIncome": 151000000, "sellingGeneralAdministrative": 333000000, "grossProfit": 626000000, "ebit": 279000000, "operatingIncome": 279000000, "otherOperatingExpenses": 14000000, "interestExpense": -21000000, "extraordinaryItems": null, "nonRecurring": null, "otherItems": null, "incomeTaxExpense": 65000000, "totalRevenue": 996000000, "totalOperatingExpenses": 717000000, "costOfRevenue": 370000000, "totalOtherIncomeExpenseNet": -63000000, "discontinuedOperations": null, "netIncomeFromContinuingOps": 151000000, "netIncomeApplicableToCommonShares": 151000000}, "2022-01-31": {"researchDevelopment": null, "effectOfAccountingCharges": null, "incomeBeforeTax": 328000000, "minorityInterest": null, "netIncome": 259000000, "sellingGeneralAdministrative": 279000000, "grossProfit": 622000000, "ebit": 348000000, "operatingIncome": 348000000, "otherOperatingExpenses": -5000000, "interestExpense": -20000000, "extraordinaryItems": null, "nonRecurring": null, "otherItems": null, "incomeTaxExpense": 69000000, "totalRevenue": 1037000000, "totalOperatingExpenses": 689000000, "costOfRevenue": 415000000, "totalOtherIncomeExpenseNet": -20000000, "discontinuedOperations": null, "netIncomeFromContinuingOps": 259000000, "netIncomeApplicableToCommonShares": 259000000}, "2021-10-31": {"researchDevelopment": null, "effectOfAccountingCharges": null, "incomeBeforeTax": 301000000, "minorityInterest": null, "netIncome": 236000000, "sellingGeneralAdministrative": 271000000, "grossProfit": 590000000, "ebit": 321000000, "operatingIncome": 321000000, "otherOperatingExpenses": -2000000, "interestExpense": -20000000, "extraordinaryItems": null, "nonRecurring": null, "otherItems": null, "incomeTaxExpense": 65000000, "totalRevenue": 994000000, "totalOperatingExpenses": 673000000, "costOfRevenue": 404000000, "totalOtherIncomeExpenseNet": -20000000, "discontinuedOperations": null, "netIncomeFromContinuingOps": 236000000, "netIncomeApplicableToCommonShares": 236000000}, "2021-07-31": {"researchDevelopment": null, "effectOfAccountingCharges": null, "incomeBeforeTax": 269000000, "minorityInterest": null, "netIncome": 192000000, "sellingGeneralAdministrative": 258000000, "grossProfit": 553000000, "ebit": 288000000, "operatingIncome": 288000000, "otherOperatingExpenses": 7000000, "interestExpense": -21000000, "extraordinaryItems": null, "nonRecurring": null, "otherItems": null, "incomeTaxExpense": 77000000, "totalRevenue": 906000000, "totalOperatingExpenses": 618000000, "costOfRevenue": 353000000, "totalOtherIncomeExpenseNet": -19000000, "discontinuedOperations": null, "netIncomeFromContinuingOps": 192000000, "netIncomeApplicableToCommonShares": 192000000}}}, "cash": {"annual": {"2022-04-30": {"changeToLiabilities": 37000000, "totalCashflowsFromInvestingActivities": -127000000, "netBorrowings": -196000000, "totalCashFromFinancingActivities": -1038000000, "changeToOperatingActivities": 9000000, "netIncome": 838000000, "changeInCash": -276000000, "repurchaseOfStock": -11000000, "effectOfExchangeRate": -47000000, "totalCashFromOperatingActivities": 936000000, "depreciation": 79000000, "otherCashflowsFromInvestingActivities": 11000000, "dividendsPaid": -352000000, "changeToInventory": -93000000, "changeToAccountReceivables": -77000000, "changeToNetincome": 96000000, "capitalExpenditures": -138000000}, "2021-04-30": {"changeToLiabilities": 137000000, "totalCashflowsFromInvestingActivities": 98000000, "netBorrowings": -126000000, "totalCashFromFinancingActivities": -485000000, "changeToOperatingActivities": 70000000, "netIncome": 903000000, "changeInCash": 475000000, "repurchaseOfStock": -21000000, "effectOfExchangeRate": 45000000, "totalCashFromOperatingActivities": 817000000, "depreciation": 77000000, "otherCashflowsFromInvestingActivities": -3000000, "dividendsPaid": -338000000, "changeToInventory": -37000000, "changeToAccountReceivables": -150000000, "changeToNetincome": -191000000, "capitalExpenditures": -62000000}, "2020-04-30": {"changeToLiabilities": -30000000, "totalCashflowsFromInvestingActivities": -141000000, "netBorrowings": 178000000, "totalCashFromFinancingActivities": -191000000, "changeToOperatingActivities": -52000000, "netIncome": 827000000, "changeInCash": 368000000, "repurchaseOfStock": -44000000, "effectOfExchangeRate": -24000000, "totalCashFromOperatingActivities": 724000000, "depreciation": 74000000, "otherCashflowsFromInvestingActivities": -6000000, "dividendsPaid": -325000000, "changeToInventory": -203000000, "changeToAccountReceivables": 12000000, "changeToNetincome": 78000000, "capitalExpenditures": -113000000}, "2019-04-30": {"changeToLiabilities": -43000000, "totalCashflowsFromInvestingActivities": -119000000, "netBorrowings": -71000000, "totalCashFromFinancingActivities": -599000000, "changeToOperatingActivities": 35000000, "netIncome": 835000000, "changeInCash": 68000000, "repurchaseOfStock": -218000000, "effectOfExchangeRate": -14000000, "totalCashFromOperatingActivities": 800000000, "depreciation": 72000000, "otherCashflowsFromInvestingActivities": 2000000, "dividendsPaid": -310000000, "changeToInventory": -162000000, "changeToAccountReceivables": 23000000, "changeToNetincome": 56000000, "capitalExpenditures": -119000000}}, "quarterly": {"2022-04-30": {"changeToLiabilities": 69000000, "totalCashflowsFromInvestingActivities": -64000000, "netBorrowings": -15000000, "totalCashFromFinancingActivities": -108000000, "changeToOperatingActivities": 11000000, "netIncome": 151000000, "changeInCash": 62000000, "repurchaseOfStock": -3000000, "effectOfExchangeRate": -19000000, "totalCashFromOperatingActivities": 253000000, "depreciation": 19000000, "otherCashflowsFromInvestingActivities": 11000000, "dividendsPaid": -90000000, "changeToInventory": -60000000, "changeToAccountReceivables": -18000000, "changeToNetincome": 64000000, "capitalExpenditures": -76000000}, "2022-01-31": {"changeToLiabilities": -75000000, "totalCashflowsFromInvestingActivities": -28000000, "netBorrowings": 3000000, "totalCashFromFinancingActivities": -568000000, "changeToOperatingActivities": -40000000, "netIncome": 259000000, "changeInCash": -261000000, "repurchaseOfStock": -2000000, "effectOfExchangeRate": -13000000, "totalCashFromOperatingActivities": 348000000, "depreciation": 20000000, "otherCashflowsFromInvestingActivities": 11000000, "dividendsPaid": -90000000, "changeToInventory": 18000000, "changeToAccountReceivables": 127000000, "changeToNetincome": 31000000, "capitalExpenditures": -29000000}, "2021-10-31": {"changeToLiabilities": 79000000, "totalCashflowsFromInvestingActivities": -20000000, "netBorrowings": -134000000, "totalCashFromFinancingActivities": -221000000, "changeToOperatingActivities": 12000000, "netIncome": 236000000, "changeInCash": -99000000, "repurchaseOfStock": -1000000, "effectOfExchangeRate": -8000000, "totalCashFromOperatingActivities": 150000000, "depreciation": 21000000, "otherCashflowsFromInvestingActivities": 11000000, "dividendsPaid": -86000000, "changeToInventory": -26000000, "changeToAccountReceivables": -131000000, "changeToNetincome": -26000000, "capitalExpenditures": -19000000}, "2021-07-31": {"changeToLiabilities": -36000000, "totalCashflowsFromInvestingActivities": -15000000, "netBorrowings": -50000000, "totalCashFromFinancingActivities": -141000000, "changeToOperatingActivities": 26000000, "netIncome": 192000000, "changeInCash": 22000000, "repurchaseOfStock": -5000000, "effectOfExchangeRate": -7000000, "totalCashFromOperatingActivities": 185000000, "depreciation": 19000000, "otherCashflowsFromInvestingActivities": 11000000, "dividendsPaid": -86000000, "changeToInventory": -25000000, "changeToAccountReceivables": -55000000, "changeToNetincome": 27000000, "capitalExpenditures": -14000000}}}}}