{"CTAS": {"balance": {"annual": {"2022-05-31": {"intangibleAssets": 514800000, "totalLiab": 4839060000, "totalStockholderEquity": 3308196000, "deferredLongTermLiab": 232224000, "otherCurrentLiab": 97525000, "totalAssets": 8147256000, "commonStock": 1771917000, "otherCurrentAssets": 83700000, "retainedEarnings": 8719163000, "otherLiab": 731607000, "goodWill": 3042976000, "treasuryStock": -7182884000, "otherAssets": 574384000, "cash": 90471000, "totalCurrentLiabilities": 1432890000, "shortLongTermDebt": 311574000, "otherStockholderEquity": 107917000, "propertyPlantEquipment": 1377376000, "totalCurrentAssets": 2631983000, "longTermInvestments": 5737000, "netTangibleAssets": -249580000, "netReceivables": 1027928000, "longTermDebt": 2545499000, "inventory": 1388856000, "accountsPayable": 251504000}, "2021-05-31": {"intangibleAssets": 540420000, "totalLiab": 4548976000, "totalStockholderEquity": 3687847000, "deferredLongTermLiab": 227139000, "otherCurrentLiab": 79135000, "totalAssets": 8236823000, "commonStock": 1516202000, "otherCurrentAssets": 79400000, "retainedEarnings": 7877015000, "otherLiab": 779717000, "goodWill": 2913069000, "treasuryStock": -5705370000, "otherAssets": 560200000, "cash": 493640000, "totalCurrentLiabilities": 1934085000, "shortLongTermDebt": 899070000, "otherStockholderEquity": 30888000, "propertyPlantEquipment": 1357270000, "totalCurrentAssets": 2843309000, "longTermInvestments": 22555000, "netTangibleAssets": 234358000, "netReceivables": 923992000, "longTermDebt": 1704400000, "inventory": 1291901000, "accountsPayable": 230786000}, "2020-05-31": {"intangibleAssets": 595402000, "capitalSurplus": 171521000, "totalLiab": 4434683000, "totalStockholderEquity": 3235202000, "deferredLongTermLiab": 227059000, "otherCurrentLiab": 27099000, "totalAssets": 7669885000, "commonStock": 1102689000, "otherCurrentAssets": 76200000, "retainedEarnings": 7296509000, "otherLiab": 721402000, "goodWill": 2870020000, "treasuryStock": -5335517000, "otherAssets": 450932000, "cash": 145402000, "totalCurrentLiabilities": 885195000, "otherStockholderEquity": -153380000, "propertyPlantEquipment": 1421732000, "totalCurrentAssets": 2309699000, "longTermInvestments": 22100000, "netTangibleAssets": -230220000, "netReceivables": 870369000, "longTermDebt": 2705391000, "inventory": 1179309000, "accountsPayable": 230995000}, "2019-05-31": {"intangibleAssets": 645679000, "capitalSurplus": 227928000, "totalLiab": 4433941000, "totalStockholderEquity": 3002721000, "deferredLongTermLiab": 205954000, "totalAssets": 7436662000, "commonStock": 840328000, "otherCurrentAssets": 69600000, "retainedEarnings": 6691236000, "otherLiab": 732308000, "goodWill": 2842441000, "treasuryStock": -4756771000, "otherAssets": 409077000, "cash": 96645000, "totalCurrentLiabilities": 1127733000, "shortLongTermDebt": 312264000, "otherStockholderEquity": -39152000, "propertyPlantEquipment": 1281385000, "totalCurrentAssets": 2236280000, "longTermInvestments": 21800000, "netTangibleAssets": -485399000, "netReceivables": 917595000, "longTermDebt": 2573900000, "inventory": 1118722000, "accountsPayable": 226020000}}, "quarterly": {"2022-05-31": {"intangibleAssets": 514800000, "totalLiab": 4839060000, "totalStockholderEquity": 3308196000, "deferredLongTermLiab": 232224000, "otherCurrentLiab": 97525000, "totalAssets": 8147256000, "commonStock": 1771917000, "otherCurrentAssets": 83700000, "retainedEarnings": 8719163000, "otherLiab": 731607000, "goodWill": 3042976000, "treasuryStock": -7182884000, "otherAssets": 574384000, "cash": 90471000, "totalCurrentLiabilities": 1432890000, "shortLongTermDebt": 311574000, "otherStockholderEquity": 107917000, "propertyPlantEquipment": 1377376000, "totalCurrentAssets": 2631983000, "longTermInvestments": 5737000, "netTangibleAssets": -249580000, "netReceivables": 1027928000, "longTermDebt": 2545499000, "inventory": 1388856000, "accountsPayable": 251504000}, "2022-02-28": {"intangibleAssets": 409075000, "totalLiab": 4874700000, "totalStockholderEquity": 3293900000, "deferredLongTermLiab": 232671000, "otherCurrentLiab": 98200000, "totalAssets": 8168600000, "commonStock": 1729525000, "otherCurrentAssets": 82800000, "retainedEarnings": 8522327000, "otherLiab": 775680000, "goodWill": 3032738000, "treasuryStock": -6957952000, "otherAssets": 554190000, "cash": 84136000, "totalCurrentLiabilities": 2623490000, "shortLongTermDebt": 1002386000, "otherStockholderEquity": 12147000, "propertyPlantEquipment": 1480171000, "totalCurrentAssets": 2686741000, "longTermInvestments": 5685000, "netTangibleAssets": -147913000, "netReceivables": 1070679000, "longTermDebt": 1344306000, "inventory": 1368484000, "accountsPayable": 235051000}, "2021-11-30": {"intangibleAssets": 395130000, "totalLiab": 4454283000, "totalStockholderEquity": 3563127000, "deferredLongTermLiab": 228929000, "totalAssets": 8017410000, "commonStock": 1686293000, "otherCurrentAssets": 81300000, "retainedEarnings": 8305076000, "otherLiab": 814096000, "goodWill": 2931307000, "treasuryStock": -6428242000, "otherAssets": 561470000, "cash": 113170000, "totalCurrentLiabilities": 2177928000, "shortLongTermDebt": 1188425000, "otherStockholderEquity": -27258000, "propertyPlantEquipment": 1455052000, "totalCurrentAssets": 2655474000, "longTermInvestments": 18977000, "netTangibleAssets": 236690000, "netReceivables": 1064577000, "longTermDebt": 1343367000, "inventory": 1340929000, "accountsPayable": 240322000}, "2021-08-31": {"intangibleAssets": 407164000, "totalLiab": 4548547000, "totalStockholderEquity": 3309203000, "deferredLongTermLiab": 227237000, "totalAssets": 7857750000, "commonStock": 1625594000, "otherCurrentAssets": 80200000, "retainedEarnings": 8109368000, "otherLiab": 813995000, "goodWill": 2924993000, "treasuryStock": -6425759000, "otherAssets": 566858000, "cash": 79749000, "totalCurrentLiabilities": 2269039000, "shortLongTermDebt": 1363903000, "otherStockholderEquity": -30266000, "propertyPlantEquipment": 1460522000, "totalCurrentAssets": 2477666000, "longTermInvestments": 20547000, "netTangibleAssets": -22954000, "netReceivables": 938609000, "longTermDebt": 1343222000, "inventory": 1310348000, "accountsPayable": 202968000}}}, "income": {"annual": {"2022-05-31": {"researchDevelopment": null, "effectOfAccountingCharges": null, "incomeBeforeTax": 1498768000, "minorityInterest": null, "netIncome": 1235757000, "sellingGeneralAdministrative": 2039762000, "grossProfit": 3632246000, "ebit": 1592484000, "operatingIncome": 1592484000, "otherOperatingExpenses": null, "interestExpense": -88844000, "extraordinaryItems": null, "nonRecurring": null, "otherItems": null, "incomeTaxExpense": 263011000, "totalRevenue": 7854459000, "totalOperatingExpenses": 6261975000, "costOfRevenue": 4222213000, "totalOtherIncomeExpenseNet": -93716000, "discontinuedOperations": null, "netIncomeFromContinuingOps": 1235757000, "netIncomeApplicableToCommonShares": 1229625000}, "2021-05-31": {"researchDevelopment": null, "effectOfAccountingCharges": null, "incomeBeforeTax": 1287749000, "minorityInterest": null, "netIncome": 1110968000, "sellingGeneralAdministrative": 1919939000, "grossProfit": 3314651000, "ebit": 1394712000, "operatingIncome": 1394712000, "otherOperatingExpenses": null, "interestExpense": -98210000, "extraordinaryItems": null, "nonRecurring": null, "otherItems": null, "incomeTaxExpense": 176781000, "totalRevenue": 7116340000, "totalOperatingExpenses": 5721628000, "costOfRevenue": 3801689000, "totalOtherIncomeExpenseNet": -106963000, "discontinuedOperations": null, "netIncomeFromContinuingOps": 1110968000, "netIncomeApplicableToCommonShares": 1103345000}, "2020-05-31": {"researchDevelopment": null, "effectOfAccountingCharges": null, "incomeBeforeTax": 1058291000, "minorityInterest": null, "netIncome": 876037000, "sellingGeneralAdministrative": 2071052000, "grossProfit": 3233748000, "ebit": 1162696000, "operatingIncome": 1162696000, "otherOperatingExpenses": null, "interestExpense": -105393000, "extraordinaryItems": null, "nonRecurring": null, "otherItems": null, "incomeTaxExpense": 181931000, "totalRevenue": 7085120000, "totalOperatingExpenses": 5922424000, "costOfRevenue": 3851372000, "totalOtherIncomeExpenseNet": -104405000, "discontinuedOperations": -323000, "netIncomeFromContinuingOps": 876360000, "netIncomeApplicableToCommonShares": 867879000}, "2019-05-31": {"researchDevelopment": null, "effectOfAccountingCharges": null, "incomeBeforeTax": 1102399000, "minorityInterest": null, "netIncome": 884981000, "sellingGeneralAdministrative": 1980644000, "grossProfit": 3128588000, "ebit": 1147944000, "operatingIncome": 1147944000, "otherOperatingExpenses": null, "interestExpense": -101736000, "extraordinaryItems": null, "nonRecurring": null, "otherItems": null, "incomeTaxExpense": 219764000, "totalRevenue": 6892303000, "totalOperatingExpenses": 5744359000, "costOfRevenue": 3763715000, "totalOtherIncomeExpenseNet": -45545000, "discontinuedOperations": 2346000, "netIncomeFromContinuingOps": 882635000, "netIncomeApplicableToCommonShares": 875413000}}, "quarterly": {"2022-05-31": {"researchDevelopment": null, "effectOfAccountingCharges": null, "incomeBeforeTax": 381452000, "minorityInterest": null, "netIncome": 294461000, "sellingGeneralAdministrative": 536645000, "grossProfit": 946195000, "ebit": 409550000, "operatingIncome": 409550000, "otherOperatingExpenses": null, "interestExpense": -23058000, "extraordinaryItems": null, "nonRecurring": null, "otherItems": null, "incomeTaxExpense": 86991000, "totalRevenue": 2074686000, "totalOperatingExpenses": 1665136000, "costOfRevenue": 1128491000, "totalOtherIncomeExpenseNet": -28098000, "discontinuedOperations": null, "netIncomeFromContinuingOps": 294461000, "netIncomeApplicableToCommonShares": 293035000}, "2022-02-28": {"researchDevelopment": null, "effectOfAccountingCharges": null, "incomeBeforeTax": 385631000, "minorityInterest": null, "netIncome": 315448000, "sellingGeneralAdministrative": 490549000, "grossProfit": 898154000, "ebit": 407605000, "operatingIncome": 407605000, "otherOperatingExpenses": null, "interestExpense": -22030000, "extraordinaryItems": null, "nonRecurring": null, "otherItems": null, "incomeTaxExpense": 70183000, "totalRevenue": 1960542000, "totalOperatingExpenses": 1552937000, "costOfRevenue": 1062388000, "totalOtherIncomeExpenseNet": -21974000, "discontinuedOperations": null, "netIncomeFromContinuingOps": 315448000, "netIncomeApplicableToCommonShares": 313867000}, "2021-11-30": {"researchDevelopment": null, "effectOfAccountingCharges": null, "incomeBeforeTax": 359382000, "minorityInterest": null, "netIncome": 294669000, "sellingGeneralAdministrative": 503913000, "grossProfit": 885141000, "ebit": 381228000, "operatingIncome": 381228000, "otherOperatingExpenses": null, "interestExpense": -21902000, "extraordinaryItems": null, "nonRecurring": null, "otherItems": null, "incomeTaxExpense": 64713000, "totalRevenue": 1922281000, "totalOperatingExpenses": 1541053000, "costOfRevenue": 1037140000, "totalOtherIncomeExpenseNet": -21846000, "discontinuedOperations": null, "netIncomeFromContinuingOps": 294669000, "netIncomeApplicableToCommonShares": 293174000}, "2021-08-31": {"researchDevelopment": null, "effectOfAccountingCharges": null, "incomeBeforeTax": 372303000, "minorityInterest": null, "netIncome": 331179000, "sellingGeneralAdministrative": 508655000, "grossProfit": 902756000, "ebit": 394101000, "operatingIncome": 394101000, "otherOperatingExpenses": null, "interestExpense": -21854000, "extraordinaryItems": null, "nonRecurring": null, "otherItems": null, "incomeTaxExpense": 41124000, "totalRevenue": 1896950000, "totalOperatingExpenses": 1502849000, "costOfRevenue": 994194000, "totalOtherIncomeExpenseNet": -21798000, "discontinuedOperations": null, "netIncomeFromContinuingOps": 331179000, "netIncomeApplicableToCommonShares": 329414000}}}, "cash": {"annual": {"2022-05-31": {"investments": -6076000, "changeToLiabilities": 22697000, "totalCashflowsFromInvestingActivities": -402635000, "netBorrowings": 251706000, "totalCashFromFinancingActivities": -1537943000, "changeToOperatingActivities": -41447000, "issuanceOfStock": 117737000, "netIncome": 1235757000, "changeInCash": -403169000, "repurchaseOfStock": -1525873000, "effectOfExchangeRate": -216000, "totalCashFromOperatingActivities": 1537625000, "depreciation": 288801000, "otherCashflowsFromInvestingActivities": -7006000, "dividendsPaid": -375119000, "changeToInventory": -95138000, "changeToAccountReceivables": -100392000, "otherCashflowsFromFinancingActivities": -6394000, "changeToNetincome": 119138000, "capitalExpenditures": -240672000}, "2021-05-31": {"investments": -4299000, "changeToLiabilities": -2604000, "totalCashflowsFromInvestingActivities": -137215000, "netBorrowings": 251706000, "totalCashFromFinancingActivities": -879868000, "changeToOperatingActivities": 4434000, "issuanceOfStock": 129957000, "netIncome": 1110968000, "changeInCash": 348238000, "repurchaseOfStock": -554121000, "effectOfExchangeRate": 4581000, "totalCashFromOperatingActivities": 1360740000, "depreciation": 282551000, "otherCashflowsFromInvestingActivities": -11113000, "dividendsPaid": -451327000, "changeToInventory": -111160000, "changeToAccountReceivables": -32576000, "otherCashflowsFromFinancingActivities": -4377000, "changeToNetincome": 52877000, "capitalExpenditures": -143470000}, "2020-05-31": {"investments": -10031000, "changeToLiabilities": 2629000, "totalCashflowsFromInvestingActivities": -285398000, "netBorrowings": -312500000, "totalCashFromFinancingActivities": -955207000, "changeToOperatingActivities": -86818000, "issuanceOfStock": 90519000, "netIncome": 876037000, "changeInCash": 48757000, "repurchaseOfStock": -464518000, "effectOfExchangeRate": -2121000, "totalCashFromOperatingActivities": 1291483000, "depreciation": 279753000, "otherCashflowsFromInvestingActivities": -4658000, "dividendsPaid": -267956000, "changeToInventory": -62000000, "changeToAccountReceivables": 39681000, "otherCashflowsFromFinancingActivities": -752000, "changeToNetincome": 108403000, "capitalExpenditures": -230289000}, "2019-05-31": {"investments": 55501000, "changeToLiabilities": 12276000, "totalCashflowsFromInvestingActivities": -235638000, "netBorrowings": 312500000, "totalCashFromFinancingActivities": -873305000, "changeToOperatingActivities": -54534000, "issuanceOfStock": 65371000, "netIncome": 884981000, "changeInCash": -42079000, "repurchaseOfStock": -1016300000, "effectOfExchangeRate": -998000, "totalCashFromOperatingActivities": 1067862000, "depreciation": 267393000, "otherCashflowsFromInvestingActivities": -7807000, "dividendsPaid": -220764000, "changeToInventory": -150267000, "changeToAccountReceivables": -94918000, "otherCashflowsFromFinancingActivities": -14112000, "changeToNetincome": 98345000, "capitalExpenditures": -276719000}}, "quarterly": {"2022-05-31": {"investments": -52000, "changeToLiabilities": 16529000, "totalCashflowsFromInvestingActivities": -86324000, "netBorrowings": -57504000, "totalCashFromFinancingActivities": -459369000, "changeToOperatingActivities": 82120000, "issuanceOfStock": 101000, "netIncome": 294461000, "changeInCash": 6335000, "repurchaseOfStock": -304032000, "effectOfExchangeRate": 1458000, "totalCashFromOperatingActivities": 550570000, "depreciation": 56578000, "otherCashflowsFromInvestingActivities": 1933000, "dividendsPaid": -98197000, "changeToInventory": -19865000, "changeToAccountReceivables": -1169000, "otherCashflowsFromFinancingActivities": 263000, "changeToNetincome": 35079000, "capitalExpenditures": -74821000}, "2022-02-28": {"investments": -57000, "changeToLiabilities": -5232000, "totalCashflowsFromInvestingActivities": -164716000, "netBorrowings": 392210000, "totalCashFromFinancingActivities": -258698000, "changeToOperatingActivities": -5082000, "issuanceOfStock": 8438000, "netIncome": 315448000, "changeInCash": -29034000, "repurchaseOfStock": -557115000, "effectOfExchangeRate": 1107000, "totalCashFromOperatingActivities": 393273000, "depreciation": 78684000, "otherCashflowsFromInvestingActivities": -2263000, "dividendsPaid": -98973000, "changeToInventory": -19166000, "changeToAccountReceivables": -21880000, "otherCashflowsFromFinancingActivities": -3258000, "changeToNetincome": 5354000, "capitalExpenditures": -57222000}, "2021-11-30": {"investments": 2771000, "changeToLiabilities": 37672000, "totalCashflowsFromInvestingActivities": -67274000, "netBorrowings": -159000000, "totalCashFromFinancingActivities": -229792000, "changeToOperatingActivities": 28415000, "issuanceOfStock": 36302000, "netIncome": 294669000, "changeInCash": 33421000, "repurchaseOfStock": -5491000, "effectOfExchangeRate": -1154000, "totalCashFromOperatingActivities": 331641000, "depreciation": 76990000, "otherCashflowsFromInvestingActivities": -496000, "dividendsPaid": -98814000, "changeToInventory": -31819000, "changeToAccountReceivables": -49601000, "otherCashflowsFromFinancingActivities": -2789000, "changeToNetincome": 31500000, "capitalExpenditures": -59881000}, "2021-08-31": {"investments": -8738000, "changeToLiabilities": -26272000, "totalCashflowsFromInvestingActivities": -84321000, "netBorrowings": 76000000, "totalCashFromFinancingActivities": -590084000, "changeToOperatingActivities": -146900000, "issuanceOfStock": 72896000, "netIncome": 331179000, "changeInCash": -413891000, "repurchaseOfStock": -659235000, "effectOfExchangeRate": -1627000, "totalCashFromOperatingActivities": 262141000, "depreciation": 76549000, "otherCashflowsFromInvestingActivities": -6180000, "dividendsPaid": -79135000, "changeToInventory": -24288000, "changeToAccountReceivables": -27742000, "otherCashflowsFromFinancingActivities": -610000, "changeToNetincome": 47205000, "capitalExpenditures": -48748000}}}}, "VFC": {"balance": {"annual": {"2022-04-02": {"intangibleAssets": 3317033000, "capitalSurplus": 3916384000, "totalLiab": 9811853000, "totalStockholderEquity": 3530355000, "deferredLongTermLiab": 34684000, "otherCurrentLiab": 614579000, "totalAssets": 13342208000, "commonStock": 97075000, "otherCurrentAssets": 424557000, "retainedEarnings": 443475000, "otherLiab": 888436000, "goodWill": 2393807000, "treasuryStock": -926579000, "otherAssets": 740097000, "cash": 1275943000, "totalCurrentLiabilities": 3315397000, "deferredLongTermAssetCharges": 100980000, "shortLongTermDebt": 500000000, "otherStockholderEquity": -926579000, "propertyPlantEquipment": 2288833000, "totalCurrentAssets": 4588080000, "longTermInvestments": 14358000, "netTangibleAssets": -2180485000, "netReceivables": 1468907000, "longTermDebt": 4567023000, "inventory": 1418673000, "accountsPayable": 562992000}, "2021-04-03": {"intangibleAssets": 3294481000, "capitalSurplus": 3777645000, "totalLiab": 10697865000, "totalStockholderEquity": 3056164000, "deferredLongTermLiab": 34607000, "otherCurrentLiab": 434129000, "totalAssets": 13754029000, "commonStock": 97985000, "otherCurrentAssets": 1010575000, "retainedEarnings": 189534000, "otherLiab": 1541778000, "goodWill": 2425427000, "treasuryStock": -1009000000, "otherAssets": 784107000, "cash": 815750000, "totalCurrentLiabilities": 2210477000, "deferredLongTermAssetCharges": 201237000, "otherStockholderEquity": -1009000000, "propertyPlantEquipment": 2450310000, "totalCurrentAssets": 4785870000, "longTermInvestments": 13834000, "netTangibleAssets": -2663744000, "shortTermInvestments": 598806000, "netReceivables": 1298900000, "longTermDebt": 5690861000, "inventory": 1061839000, "accountsPayable": 463208000}, "2020-03-28": {"intangibleAssets": 2058458000, "capitalSurplus": 4183780000, "totalLiab": 7775917000, "totalStockholderEquity": 3357334000, "deferredLongTermLiab": 31977000, "otherCurrentLiab": 287706000, "totalAssets": 11133251000, "commonStock": 97203000, "otherCurrentAssets": 1054844000, "retainedEarnings": 7309000, "otherLiab": 1123113000, "goodWill": 1156019000, "treasuryStock": -930958000, "otherAssets": 652422000, "cash": 1369028000, "totalCurrentLiabilities": 3023884000, "deferredLongTermAssetCharges": 183336000, "otherStockholderEquity": -930958000, "propertyPlantEquipment": 2227920000, "totalCurrentAssets": 5027016000, "longTermInvestments": 11416000, "netTangibleAssets": 142857000, "netReceivables": 1309232000, "longTermDebt": 2585514000, "inventory": 1293912000, "accountsPayable": 407021000}, "2019-03-30": {"intangibleAssets": 2127878000, "capitalSurplus": 3921784000, "totalLiab": 6058269000, "totalStockholderEquity": 4298516000, "deferredLongTermLiab": 27830000, "otherCurrentLiab": 540524000, "totalAssets": 10356785000, "commonStock": 99206000, "otherCurrentAssets": 1722935000, "retainedEarnings": 1179601000, "otherLiab": 1280781000, "goodWill": 1491684000, "treasuryStock": -902075000, "otherAssets": 1174602000, "cash": 402226000, "totalCurrentLiabilities": 2661604000, "deferredLongTermAssetCharges": 95399000, "otherStockholderEquity": -902075000, "propertyPlantEquipment": 876093000, "totalCurrentAssets": 4673457000, "longTermInvestments": 13071000, "netTangibleAssets": 678954000, "netReceivables": 1375194000, "longTermDebt": 2087015000, "inventory": 1173102000, "accountsPayable": 489600000}}, "quarterly": {"2022-06-30": {"intangibleAssets": 2984136000, "capitalSurplus": 3941440000, "totalLiab": 9859260000, "totalStockholderEquity": 3352493000, "otherCurrentLiab": 41049000, "totalAssets": 13211753000, "commonStock": 97123000, "otherCurrentAssets": 490547000, "retainedEarnings": 188806000, "otherLiab": 920590000, "goodWill": 2359548000, "treasuryStock": -874876000, "otherAssets": 1021048000, "cash": 528029000, "totalCurrentLiabilities": 3463997000, "shortLongTermDebt": 1058000, "otherStockholderEquity": -874876000, "propertyPlantEquipment": 2235315000, "totalCurrentAssets": 4611706000, "netTangibleAssets": -1991191000, "netReceivables": 1251735000, "longTermDebt": 4468399000, "inventory": 2341395000, "accountsPayable": 1022755000}, "2022-04-02": {"intangibleAssets": 3317033000, "capitalSurplus": 3916384000, "totalLiab": 9811853000, "totalStockholderEquity": 3530355000, "deferredLongTermLiab": 34684000, "otherCurrentLiab": 614579000, "totalAssets": 13342208000, "commonStock": 97075000, "otherCurrentAssets": 424557000, "retainedEarnings": 443475000, "otherLiab": 888436000, "goodWill": 2393807000, "treasuryStock": -926579000, "otherAssets": 740097000, "cash": 1275943000, "totalCurrentLiabilities": 3315397000, "deferredLongTermAssetCharges": 100980000, "shortLongTermDebt": 500000000, "otherStockholderEquity": -926579000, "propertyPlantEquipment": 2288833000, "totalCurrentAssets": 4588080000, "longTermInvestments": 14358000, "netTangibleAssets": -2180485000, "netReceivables": 1468907000, "longTermDebt": 4567023000, "inventory": 1418673000, "accountsPayable": 562992000}, "2022-01-01": {"intangibleAssets": 3010517000, "capitalSurplus": 3884935000, "totalLiab": 9882922000, "totalStockholderEquity": 3653400000, "otherCurrentLiab": 132316000, "totalAssets": 13536322000, "commonStock": 97221000, "otherCurrentAssets": 482313000, "retainedEarnings": 608701000, "otherLiab": 919652000, "goodWill": 2409260000, "treasuryStock": -937457000, "otherAssets": 1163663000, "cash": 1333839000, "totalCurrentLiabilities": 3223878000, "shortLongTermDebt": 500000000, "otherStockholderEquity": -937457000, "propertyPlantEquipment": 2352236000, "totalCurrentAssets": 4600646000, "netTangibleAssets": -1766377000, "netReceivables": 1497284000, "longTermDebt": 4646379000, "inventory": 1287210000, "accountsPayable": 559716000}, "2021-10-02": {"intangibleAssets": 3018242000, "capitalSurplus": 3854687000, "totalLiab": 10290606000, "totalStockholderEquity": 3598481000, "otherCurrentLiab": 133450000, "totalAssets": 13889087000, "commonStock": 98190000, "otherCurrentAssets": 355914000, "retainedEarnings": 586438000, "otherLiab": 1076546000, "goodWill": 2415767000, "treasuryStock": -940834000, "otherAssets": 1093687000, "cash": 1360138000, "totalCurrentLiabilities": 3384365000, "shortLongTermDebt": 1000000000, "otherStockholderEquity": -940834000, "propertyPlantEquipment": 2391521000, "totalCurrentAssets": 4969870000, "netTangibleAssets": -1835528000, "netReceivables": 1789104000, "longTermDebt": 4682751000, "inventory": 1464714000, "accountsPayable": 534365000}}}, "income": {"annual": {"2022-04-02": {"researchDevelopment": null, "effectOfAccountingCharges": null, "incomeBeforeTax": 1523250000, "minorityInterest": null, "netIncome": 1386941000, "sellingGeneralAdministrative": 4776981000, "grossProfit": 6457147000, "ebit": 1680166000, "operatingIncome": 1680166000, "otherOperatingExpenses": null, "interestExpense": -136469000, "extraordinaryItems": null, "nonRecurring": null, "otherItems": null, "incomeTaxExpense": 306981000, "totalRevenue": 11841840000, "totalOperatingExpenses": 10161674000, "costOfRevenue": 5384693000, "totalOtherIncomeExpenseNet": -156916000, "discontinuedOperations": 170672000, "netIncomeFromContinuingOps": 1216269000, "netIncomeApplicableToCommonShares": 1386941000}, "2021-04-03": {"researchDevelopment": null, "effectOfAccountingCharges": null, "incomeBeforeTax": 456472000, "minorityInterest": null, "netIncome": 407869000, "sellingGeneralAdministrative": 4201401000, "grossProfit": 4911950000, "ebit": 710549000, "operatingIncome": 710549000, "otherOperatingExpenses": null, "interestExpense": -135655000, "extraordinaryItems": null, "nonRecurring": null, "otherItems": null, "incomeTaxExpense": 101566000, "totalRevenue": 9238830000, "totalOperatingExpenses": 8528281000, "costOfRevenue": 4326880000, "totalOtherIncomeExpenseNet": -254077000, "discontinuedOperations": 52963000, "netIncomeFromContinuingOps": 354906000, "netIncomeApplicableToCommonShares": 407869000}, "2020-03-28": {"researchDevelopment": null, "effectOfAccountingCharges": null, "incomeBeforeTax": 727208000, "minorityInterest": null, "netIncome": 679449000, "sellingGeneralAdministrative": 4529120000, "grossProfit": 5817436000, "ebit": 1288316000, "operatingIncome": 1288316000, "otherOperatingExpenses": null, "interestExpense": -92042000, "extraordinaryItems": null, "nonRecurring": null, "otherItems": null, "incomeTaxExpense": 98062000, "totalRevenue": 10488556000, "totalOperatingExpenses": 9200240000, "costOfRevenue": 4671120000, "totalOtherIncomeExpenseNet": -561108000, "discontinuedOperations": 50303000, "netIncomeFromContinuingOps": 629146000, "netIncomeApplicableToCommonShares": 679449000}, "2019-03-30": {"researchDevelopment": null, "effectOfAccountingCharges": null, "incomeBeforeTax": 1038313000, "minorityInterest": null, "netIncome": 1259792000, "sellingGeneralAdministrative": 4376858000, "grossProfit": 5625161000, "ebit": 1248303000, "operatingIncome": 1248303000, "otherOperatingExpenses": null, "interestExpense": -107738000, "extraordinaryItems": null, "nonRecurring": null, "otherItems": null, "incomeTaxExpense": 167887000, "totalRevenue": 10266887000, "totalOperatingExpenses": 9018584000, "costOfRevenue": 4641726000, "totalOtherIncomeExpenseNet": -209990000, "discontinuedOperations": 389366000, "netIncomeFromContinuingOps": 870426000, "netIncomeApplicableToCommonShares": 1259792000}}, "quarterly": {"2022-06-30": {"researchDevelopment": null, "effectOfAccountingCharges": null, "incomeBeforeTax": -62614000, "minorityInterest": null, "netIncome": -55960000, "sellingGeneralAdministrative": 1147931000, "grossProfit": 1220013000, "ebit": 72082000, "operatingIncome": 72082000, "otherOperatingExpenses": null, "interestExpense": -32545000, "extraordinaryItems": null, "nonRecurring": null, "otherItems": null, "incomeTaxExpense": -6654000, "totalRevenue": 2261595000, "totalOperatingExpenses": 2189513000, "costOfRevenue": 1041582000, "totalOtherIncomeExpenseNet": -134696000, "discontinuedOperations": null, "netIncomeFromContinuingOps": -55960000, "netIncomeApplicableToCommonShares": -55960000}, "2022-04-02": {"researchDevelopment": null, "effectOfAccountingCharges": null, "incomeBeforeTax": 171121000, "minorityInterest": null, "netIncome": 80842000, "sellingGeneralAdministrative": 1100727000, "grossProfit": 1465963000, "ebit": 365236000, "operatingIncome": 365236000, "otherOperatingExpenses": null, "interestExpense": -31670000, "extraordinaryItems": null, "nonRecurring": null, "otherItems": null, "incomeTaxExpense": 90678000, "totalRevenue": 2824664000, "totalOperatingExpenses": 2459428000, "costOfRevenue": 1358701000, "totalOtherIncomeExpenseNet": -194115000, "discontinuedOperations": 399000, "netIncomeFromContinuingOps": 80443000, "netIncomeApplicableToCommonShares": 80842000}, "2022-01-01": {"researchDevelopment": null, "effectOfAccountingCharges": null, "incomeBeforeTax": 641314000, "minorityInterest": null, "netIncome": 517801000, "sellingGeneralAdministrative": 1392564000, "grossProfit": 2031926000, "ebit": 639362000, "operatingIncome": 639362000, "otherOperatingExpenses": null, "interestExpense": -33994000, "extraordinaryItems": null, "nonRecurring": null, "otherItems": null, "incomeTaxExpense": 123513000, "totalRevenue": 3624384000, "totalOperatingExpenses": 2985022000, "costOfRevenue": 1592458000, "totalOtherIncomeExpenseNet": 1952000, "discontinuedOperations": 399000, "netIncomeFromContinuingOps": 517801000, "netIncomeApplicableToCommonShares": 517801000}, "2021-10-02": {"researchDevelopment": null, "effectOfAccountingCharges": null, "incomeBeforeTax": 531665000, "minorityInterest": null, "netIncome": 464053000, "sellingGeneralAdministrative": 1184656000, "grossProfit": 1718889000, "ebit": 534233000, "operatingIncome": 534233000, "otherOperatingExpenses": null, "interestExpense": -35888000, "extraordinaryItems": null, "nonRecurring": null, "otherItems": null, "incomeTaxExpense": 67612000, "totalRevenue": 3198235000, "totalOperatingExpenses": 2664002000, "costOfRevenue": 1479346000, "totalOtherIncomeExpenseNet": -2568000, "discontinuedOperations": 399000, "netIncomeFromContinuingOps": 464053000, "netIncomeApplicableToCommonShares": 464053000}}}, "cash": {"annual": {"2022-04-02": {"investments": 598806000, "changeToLiabilities": 105357000, "totalCashflowsFromInvestingActivities": 903735000, "netBorrowings": -179796000, "totalCashFromFinancingActivities": -1268847000, "changeToOperatingActivities": -641991000, "issuanceOfStock": 36654000, "netIncome": 1386941000, "changeInCash": 425877000, "repurchaseOfStock": -350004000, "effectOfExchangeRate": -73299000, "totalCashFromOperatingActivities": 864288000, "depreciation": 259919000, "otherCashflowsFromInvestingActivities": 12561000, "dividendsPaid": -773205000, "changeToInventory": -380851000, "changeToAccountReceivables": -202526000, "otherCashflowsFromFinancingActivities": -2496000, "changeToNetincome": 136048000, "capitalExpenditures": -245449000}, "2021-04-03": {"investments": -600000000, "changeToLiabilities": 20106000, "totalCashflowsFromInvestingActivities": -2895618000, "netBorrowings": 1776662000, "totalCashFromFinancingActivities": 1052878000, "changeToOperatingActivities": -248666000, "issuanceOfStock": 54438000, "netIncome": 407869000, "changeInCash": -560118000, "repurchaseOfStock": -350004000, "effectOfExchangeRate": -30603000, "totalCashFromOperatingActivities": 1313225000, "depreciation": 257815000, "otherCashflowsFromInvestingActivities": -12267000, "dividendsPaid": -756784000, "changeToInventory": 314315000, "changeToAccountReceivables": 70471000, "otherCashflowsFromFinancingActivities": -21438000, "changeToNetincome": 526901000, "capitalExpenditures": -198658000}, "2020-03-28": {"investments": -600000000, "changeToLiabilities": -73674000, "totalCashflowsFromInvestingActivities": -302047000, "netBorrowings": 1004138000, "totalCashFromFinancingActivities": 309732000, "changeToOperatingActivities": -703368000, "issuanceOfStock": 155390000, "netIncome": 679449000, "changeInCash": 854736000, "repurchaseOfStock": -1000007000, "effectOfExchangeRate": -27476000, "totalCashFromOperatingActivities": 874527000, "depreciation": 267619000, "otherCashflowsFromInvestingActivities": 31789000, "dividendsPaid": -748663000, "changeToInventory": -140744000, "changeToAccountReceivables": -5947000, "otherCashflowsFromFinancingActivities": 898874000, "changeToNetincome": 912929000, "capitalExpenditures": -288189000}, "2019-03-30": {"investments": -600000000, "changeToLiabilities": 68082000, "totalCashflowsFromInvestingActivities": -220632000, "netBorrowings": -870441000, "totalCashFromFinancingActivities": -1591005000, "changeToOperatingActivities": 398719000, "issuanceOfStock": 199296000, "netIncome": 1259792000, "changeInCash": -132603000, "repurchaseOfStock": -150676000, "effectOfExchangeRate": 14811000, "totalCashFromOperatingActivities": 1664223000, "depreciation": 255729000, "otherCashflowsFromInvestingActivities": -61511000, "dividendsPaid": -767061000, "changeToInventory": -58700000, "changeToAccountReceivables": -310898000, "otherCashflowsFromFinancingActivities": -2123000, "changeToNetincome": 79870000, "capitalExpenditures": -215776000}}, "quarterly": {"2022-06-30": {"changeToLiabilities": 471065000, "totalCashflowsFromInvestingActivities": -69519000, "netBorrowings": -8344000, "totalCashFromFinancingActivities": -261221000, "changeToOperatingActivities": -195087000, "netIncome": -55960000, "changeInCash": -748048000, "repurchaseOfStock": -1766000, "effectOfExchangeRate": -58988000, "totalCashFromOperatingActivities": -358320000, "depreciation": 63086000, "otherCashflowsFromInvestingActivities": 10045000, "dividendsPaid": -194135000, "changeToInventory": -961113000, "changeToAccountReceivables": 174125000, "otherCashflowsFromFinancingActivities": -56976000, "changeToNetincome": 216291000, "capitalExpenditures": -52657000}, "2022-04-02": {"changeToLiabilities": 5792000, "totalCashflowsFromInvestingActivities": -49676000, "netBorrowings": 229189000, "totalCashFromFinancingActivities": -11183000, "changeToOperatingActivities": -167429000, "issuanceOfStock": 3725000, "netIncome": 80842000, "changeInCash": -57911000, "repurchaseOfStock": -50005000, "effectOfExchangeRate": -63960000, "totalCashFromOperatingActivities": 66908000, "depreciation": 64324000, "otherCashflowsFromInvestingActivities": 267000, "dividendsPaid": -194011000, "changeToInventory": -143566000, "changeToAccountReceivables": 12118000, "otherCashflowsFromFinancingActivities": -81000, "changeToNetincome": 232533000, "capitalExpenditures": -31229000}, "2022-01-01": {"changeToLiabilities": 26808000, "totalCashflowsFromInvestingActivities": -98949000, "netBorrowings": -407588000, "totalCashFromFinancingActivities": -897811000, "changeToOperatingActivities": -221946000, "issuanceOfStock": 6958000, "netIncome": 517801000, "changeInCash": -26624000, "repurchaseOfStock": -299999000, "effectOfExchangeRate": 1619000, "totalCashFromOperatingActivities": 968517000, "depreciation": 64509000, "otherCashflowsFromInvestingActivities": -7672000, "dividendsPaid": -194767000, "changeToInventory": 174773000, "changeToAccountReceivables": 288031000, "otherCashflowsFromFinancingActivities": -2415000, "changeToNetincome": 11775000, "capitalExpenditures": -69638000}, "2021-10-02": {"investments": 598806000, "changeToLiabilities": 2560000, "totalCashflowsFromInvestingActivities": 543532000, "netBorrowings": 1829000, "totalCashFromFinancingActivities": -185406000, "changeToOperatingActivities": 60861000, "issuanceOfStock": 5061000, "netIncome": 464053000, "changeInCash": 85020000, "repurchaseOfStock": -299999000, "effectOfExchangeRate": -20961000, "totalCashFromOperatingActivities": -252145000, "depreciation": 64467000, "otherCashflowsFromInvestingActivities": 13443000, "dividendsPaid": -192296000, "changeToInventory": -261092000, "changeToAccountReceivables": -670473000, "otherCashflowsFromFinancingActivities": -2415000, "changeToNetincome": 109263000, "capitalExpenditures": -51364000}}}}, "RL": {"balance": {"annual": {"2022-04-02": {"intangibleAssets": 102900000, "capitalSurplus": 2748800000, "totalLiab": 5188700000, "totalStockholderEquity": 2536000000, "deferredLongTermLiab": 14900000, "otherCurrentLiab": 198800000, "totalAssets": 7724700000, "commonStock": 1300000, "otherCurrentAssets": 21000000, "retainedEarnings": 6274900000, "otherLiab": 322700000, "goodWill": 908700000, "treasuryStock": -6489000000, "otherAssets": 403000000, "cash": 1863800000, "totalCurrentLiabilities": 2255700000, "deferredLongTermAssetCharges": 303800000, "shortLongTermDebt": 499800000, "otherStockholderEquity": -180300000, "propertyPlantEquipment": 2080800000, "totalCurrentAssets": 4217300000, "longTermInvestments": 12000000, "netTangibleAssets": 1524400000, "shortTermInvestments": 734600000, "netReceivables": 542800000, "longTermDebt": 1136500000, "inventory": 977800000, "accountsPayable": 448700000}, "2021-03-27": {"intangibleAssets": 121100000, "capitalSurplus": 2667100000, "totalLiab": 5283100000, "totalStockholderEquity": 2604400000, "deferredLongTermLiab": 8700000, "otherCurrentLiab": 183700000, "totalAssets": 7887500000, "commonStock": 1300000, "otherCurrentAssets": 22100000, "retainedEarnings": 5872900000, "otherLiab": 400400000, "goodWill": 934600000, "treasuryStock": -5936900000, "otherAssets": 364000000, "cash": 2579000000, "totalCurrentLiabilities": 1584800000, "deferredLongTermAssetCharges": 283900000, "otherStockholderEquity": -120800000, "propertyPlantEquipment": 2253500000, "totalCurrentAssets": 4208000000, "longTermInvestments": 6300000, "netTangibleAssets": 1548700000, "shortTermInvestments": 197500000, "netReceivables": 571900000, "longTermDebt": 1632900000, "inventory": 764000000, "accountsPayable": 355900000}, "2020-03-28": {"intangibleAssets": 141000000, "capitalSurplus": 2594400000, "totalLiab": 4586800000, "totalStockholderEquity": 2693100000, "deferredLongTermLiab": 4900000, "otherCurrentLiab": 190800000, "totalAssets": 7279900000, "commonStock": 1300000, "otherCurrentAssets": 32400000, "retainedEarnings": 5994000000, "otherLiab": 340700000, "goodWill": 915500000, "treasuryStock": -5896600000, "otherAssets": 357100000, "cash": 1620400000, "totalCurrentLiabilities": 2092000000, "deferredLongTermAssetCharges": 245200000, "shortLongTermDebt": 299800000, "otherStockholderEquity": -118200000, "propertyPlantEquipment": 2491100000, "totalCurrentAssets": 3375200000, "netTangibleAssets": 1636600000, "shortTermInvestments": 495900000, "netReceivables": 415400000, "longTermDebt": 396400000, "inventory": 736400000, "accountsPayable": 246800000}, "2019-03-30": {"intangibleAssets": 163700000, "capitalSurplus": 2493800000, "totalLiab": 2655600000, "totalStockholderEquity": 3287200000, "otherCurrentLiab": 203900000, "totalAssets": 5942800000, "commonStock": 1300000, "otherCurrentAssets": 70900000, "retainedEarnings": 5979100000, "otherLiab": 547900000, "goodWill": 919600000, "treasuryStock": -5187000000, "otherAssets": 180600000, "cash": 584100000, "totalCurrentLiabilities": 1200100000, "deferredLongTermAssetCharges": 67000000, "otherStockholderEquity": -103400000, "propertyPlantEquipment": 1039200000, "totalCurrentAssets": 3594800000, "longTermInvestments": 44900000, "netTangibleAssets": 2203900000, "shortTermInvestments": 1403400000, "netReceivables": 607100000, "longTermDebt": 695000000, "inventory": 817800000, "accountsPayable": 202300000}}, "quarterly": {"2022-07-02": {"intangibleAssets": 99000000, "capitalSurplus": 2767000000, "totalLiab": 4587000000, "totalStockholderEquity": 2364100000, "deferredLongTermLiab": 13500000, "otherCurrentLiab": 182500000, "totalAssets": 6951100000, "commonStock": 1300000, "otherCurrentAssets": 33000000, "retainedEarnings": 6347300000, "otherLiab": 296800000, "goodWill": 886500000, "treasuryStock": -6751500000, "otherAssets": 390200000, "cash": 1456800000, "totalCurrentLiabilities": 1745400000, "deferredLongTermAssetCharges": 262900000, "otherStockholderEquity": -208100000, "propertyPlantEquipment": 1985900000, "totalCurrentAssets": 3577500000, "longTermInvestments": 12000000, "netTangibleAssets": 1378600000, "shortTermInvestments": 320100000, "netReceivables": 484300000, "longTermDebt": 1137000000, "inventory": 1178200000, "accountsPayable": 562100000}, "2022-04-02": {"intangibleAssets": 102900000, "capitalSurplus": 2748800000, "totalLiab": 5188700000, "totalStockholderEquity": 2536000000, "deferredLongTermLiab": 14900000, "otherCurrentLiab": 198800000, "totalAssets": 7724700000, "commonStock": 1300000, "otherCurrentAssets": 21000000, "retainedEarnings": 6274900000, "otherLiab": 322700000, "goodWill": 908700000, "treasuryStock": -6489000000, "otherAssets": 403000000, "cash": 1863800000, "totalCurrentLiabilities": 2255700000, "deferredLongTermAssetCharges": 303800000, "shortLongTermDebt": 499800000, "otherStockholderEquity": -180300000, "propertyPlantEquipment": 2080800000, "totalCurrentAssets": 4217300000, "longTermInvestments": 12000000, "netTangibleAssets": 1524400000, "shortTermInvestments": 734600000, "netReceivables": 542800000, "longTermDebt": 1136500000, "inventory": 977800000, "accountsPayable": 448700000}, "2021-12-25": {"intangibleAssets": 107600000, "capitalSurplus": 2729700000, "totalLiab": 5412700000, "totalStockholderEquity": 2722900000, "deferredLongTermLiab": 13600000, "otherCurrentLiab": 260800000, "totalAssets": 8135600000, "commonStock": 1300000, "otherCurrentAssets": 21700000, "retainedEarnings": 6298600000, "otherLiab": 327800000, "goodWill": 920000000, "treasuryStock": -6306700000, "otherAssets": 443700000, "cash": 2276800000, "totalCurrentLiabilities": 2429600000, "deferredLongTermAssetCharges": 339600000, "shortLongTermDebt": 499400000, "otherStockholderEquity": -150200000, "propertyPlantEquipment": 2097000000, "totalCurrentAssets": 4567300000, "netTangibleAssets": 1695300000, "shortTermInvestments": 710200000, "netReceivables": 542200000, "longTermDebt": 1136000000, "inventory": 934500000, "accountsPayable": 472800000}, "2021-09-25": {"intangibleAssets": 112200000, "capitalSurplus": 2707700000, "totalLiab": 5313900000, "totalStockholderEquity": 2862800000, "deferredLongTermLiab": 8600000, "otherCurrentLiab": 218500000, "totalAssets": 8176700000, "commonStock": 1300000, "otherCurrentAssets": 18800000, "retainedEarnings": 6129800000, "otherLiab": 361800000, "goodWill": 933100000, "treasuryStock": -5976000000, "otherAssets": 378400000, "cash": 2387900000, "totalCurrentLiabilities": 2260600000, "deferredLongTermAssetCharges": 289900000, "shortLongTermDebt": 499100000, "otherStockholderEquity": -120000000, "propertyPlantEquipment": 2120300000, "totalCurrentAssets": 4632700000, "netTangibleAssets": 1817500000, "shortTermInvestments": 673100000, "netReceivables": 543700000, "longTermDebt": 1135500000, "inventory": 934100000, "accountsPayable": 451400000}}}, "income": {"annual": {"2022-04-02": {"researchDevelopment": null, "effectOfAccountingCharges": null, "incomeBeforeTax": 754600000, "minorityInterest": null, "netIncome": 600100000, "sellingGeneralAdministrative": 3261400000, "grossProfit": 4147500000, "ebit": 826100000, "operatingIncome": 826100000, "otherOperatingExpenses": 18200000, "interestExpense": -54000000, "extraordinaryItems": null, "nonRecurring": null, "otherItems": null, "incomeTaxExpense": 154500000, "totalRevenue": 6218500000, "totalOperatingExpenses": 5392400000, "costOfRevenue": 2071000000, "totalOtherIncomeExpenseNet": -71500000, "discontinuedOperations": null, "netIncomeFromContinuingOps": 600100000, "netIncomeApplicableToCommonShares": 600100000}, "2021-03-27": {"researchDevelopment": null, "effectOfAccountingCharges": null, "incomeBeforeTax": -74800000, "minorityInterest": null, "netIncome": -121100000, "sellingGeneralAdministrative": 2666800000, "grossProfit": 2890700000, "ebit": 199400000, "operatingIncome": 199400000, "otherOperatingExpenses": 11400000, "interestExpense": -48500000, "extraordinaryItems": null, "nonRecurring": null, "otherItems": null, "incomeTaxExpense": 46300000, "totalRevenue": 4400800000, "totalOperatingExpenses": 4201400000, "costOfRevenue": 1510100000, "totalOtherIncomeExpenseNet": -274200000, "discontinuedOperations": null, "netIncomeFromContinuingOps": -121100000, "netIncomeApplicableToCommonShares": -121100000}, "2020-03-28": {"researchDevelopment": null, "effectOfAccountingCharges": null, "incomeBeforeTax": 326400000, "minorityInterest": null, "netIncome": 384300000, "sellingGeneralAdministrative": 3081400000, "grossProfit": 3812800000, "ebit": 602100000, "operatingIncome": 602100000, "otherOperatingExpenses": 29600000, "interestExpense": -17600000, "extraordinaryItems": null, "nonRecurring": null, "otherItems": null, "incomeTaxExpense": -57900000, "totalRevenue": 6159800000, "totalOperatingExpenses": 5557700000, "costOfRevenue": 2347000000, "totalOtherIncomeExpenseNet": -275700000, "discontinuedOperations": null, "netIncomeFromContinuingOps": 384300000, "netIncomeApplicableToCommonShares": 384300000}, "2019-03-30": {"researchDevelopment": null, "effectOfAccountingCharges": null, "incomeBeforeTax": 582500000, "minorityInterest": null, "netIncome": 430900000, "sellingGeneralAdministrative": 3144400000, "grossProfit": 3893200000, "ebit": 706700000, "operatingIncome": 706700000, "otherOperatingExpenses": 18200000, "interestExpense": -20700000, "extraordinaryItems": null, "nonRecurring": null, "otherItems": null, "incomeTaxExpense": 151600000, "totalRevenue": 6313000000, "totalOperatingExpenses": 5606300000, "costOfRevenue": 2419800000, "totalOtherIncomeExpenseNet": -124200000, "discontinuedOperations": null, "netIncomeFromContinuingOps": 430900000, "netIncomeApplicableToCommonShares": 430900000}}, "quarterly": {"2022-07-02": {"researchDevelopment": null, "effectOfAccountingCharges": null, "incomeBeforeTax": 162200000, "minorityInterest": null, "netIncome": 123400000, "sellingGeneralAdministrative": 823000000, "grossProfit": 1013000000, "ebit": 185100000, "operatingIncome": 185100000, "otherOperatingExpenses": 4900000, "interestExpense": -11800000, "extraordinaryItems": null, "nonRecurring": null, "otherItems": null, "incomeTaxExpense": 38800000, "totalRevenue": 1490600000, "totalOperatingExpenses": 1305500000, "costOfRevenue": 477600000, "totalOtherIncomeExpenseNet": -22900000, "discontinuedOperations": null, "netIncomeFromContinuingOps": 123400000, "netIncomeApplicableToCommonShares": 123400000}, "2022-04-02": {"researchDevelopment": null, "effectOfAccountingCharges": null, "incomeBeforeTax": 29300000, "minorityInterest": null, "netIncome": 24400000, "sellingGeneralAdministrative": 1021600000, "grossProfit": 977600000, "ebit": 54600000, "operatingIncome": 54600000, "otherOperatingExpenses": 12900000, "interestExpense": -13700000, "extraordinaryItems": null, "nonRecurring": null, "otherItems": null, "incomeTaxExpense": 4900000, "totalRevenue": 1522700000, "totalOperatingExpenses": 1468100000, "costOfRevenue": 545100000, "totalOtherIncomeExpenseNet": -25300000, "discontinuedOperations": null, "netIncomeFromContinuingOps": 24400000, "netIncomeApplicableToCommonShares": 24400000}, "2021-12-25": {"researchDevelopment": null, "effectOfAccountingCharges": null, "incomeBeforeTax": 277200000, "minorityInterest": null, "netIncome": 217700000, "sellingGeneralAdministrative": 858900000, "grossProfit": 1198100000, "ebit": 287800000, "operatingIncome": 287800000, "otherOperatingExpenses": 1400000, "interestExpense": -13400000, "extraordinaryItems": null, "nonRecurring": null, "otherItems": null, "incomeTaxExpense": 59500000, "totalRevenue": 1815400000, "totalOperatingExpenses": 1527600000, "costOfRevenue": 617300000, "totalOtherIncomeExpenseNet": -10600000, "discontinuedOperations": null, "netIncomeFromContinuingOps": 217700000, "netIncomeApplicableToCommonShares": 217700000}, "2021-09-25": {"researchDevelopment": null, "effectOfAccountingCharges": null, "incomeBeforeTax": 238100000, "minorityInterest": null, "netIncome": 193300000, "sellingGeneralAdministrative": 703500000, "grossProfit": 1011700000, "ebit": 251500000, "operatingIncome": 251500000, "otherOperatingExpenses": 5100000, "interestExpense": -13600000, "extraordinaryItems": null, "nonRecurring": null, "otherItems": null, "incomeTaxExpense": 44800000, "totalRevenue": 1504100000, "totalOperatingExpenses": 1252600000, "costOfRevenue": 492400000, "totalOtherIncomeExpenseNet": -13400000, "discontinuedOperations": null, "netIncomeFromContinuingOps": 193300000, "netIncomeApplicableToCommonShares": 193300000}}}, "cash": {"annual": {"2022-04-02": {"investments": -546000000, "changeToLiabilities": 194600000, "totalCashflowsFromInvestingActivities": -717900000, "netBorrowings": -23100000, "totalCashFromFinancingActivities": -665700000, "changeToOperatingActivities": -65000000, "netIncome": 600100000, "changeInCash": -716000000, "repurchaseOfStock": -492600000, "effectOfExchangeRate": -48300000, "totalCashFromOperatingActivities": 715900000, "depreciation": 229700000, "otherCashflowsFromInvestingActivities": -5000000, "dividendsPaid": -150000000, "changeToInventory": -269300000, "changeToAccountReceivables": 32400000, "changeToNetincome": 55700000, "capitalExpenditures": -166900000}, "2021-03-27": {"investments": 302600000, "changeToLiabilities": 293600000, "totalCashflowsFromInvestingActivities": 195000000, "netBorrowings": 453000000, "totalCashFromFinancingActivities": 356800000, "changeToOperatingActivities": -40600000, "netIncome": -121100000, "changeInCash": 958200000, "repurchaseOfStock": -37700000, "effectOfExchangeRate": 25500000, "totalCashFromOperatingActivities": 380900000, "depreciation": 247600000, "otherCashflowsFromInvestingActivities": 200000, "dividendsPaid": -49800000, "changeToInventory": 3700000, "changeToAccountReceivables": -143000000, "otherCashflowsFromFinancingActivities": -8700000, "changeToNetincome": 178500000, "capitalExpenditures": -107800000}, "2020-03-28": {"investments": 950700000, "changeToLiabilities": -64300000, "totalCashflowsFromInvestingActivities": 702100000, "netBorrowings": 461400000, "totalCashFromFinancingActivities": -438200000, "changeToOperatingActivities": 50800000, "netIncome": 384300000, "changeInCash": 1003300000, "repurchaseOfStock": -694800000, "effectOfExchangeRate": -15200000, "totalCashFromOperatingActivities": 754600000, "depreciation": 269500000, "otherCashflowsFromInvestingActivities": 900000, "dividendsPaid": -203900000, "changeToInventory": 72300000, "changeToAccountReceivables": 57600000, "otherCashflowsFromFinancingActivities": -900000, "changeToNetincome": 26900000, "capitalExpenditures": -270300000}, "2019-03-30": {"investments": -673300000, "changeToLiabilities": -21200000, "totalCashflowsFromInvestingActivities": -879300000, "netBorrowings": 68600000, "totalCashFromFinancingActivities": -605700000, "changeToOperatingActivities": -4800000, "issuanceOfStock": 21800000, "netIncome": 430900000, "changeInCash": -729000000, "repurchaseOfStock": -502600000, "effectOfExchangeRate": -27800000, "totalCashFromOperatingActivities": 783800000, "depreciation": 267200000, "otherCashflowsFromInvestingActivities": -28300000, "dividendsPaid": -190700000, "changeToInventory": -83600000, "changeToAccountReceivables": 10100000, "otherCashflowsFromFinancingActivities": -2800000, "changeToNetincome": 155500000, "capitalExpenditures": -197700000}}, "quarterly": {"2022-07-02": {"investments": 411000000, "changeToLiabilities": 52200000, "totalCashflowsFromInvestingActivities": 365600000, "netBorrowings": -505800000, "totalCashFromFinancingActivities": -788600000, "changeToOperatingActivities": -59600000, "netIncome": 123400000, "changeInCash": -407700000, "repurchaseOfStock": -234700000, "effectOfExchangeRate": -30000000, "totalCashFromOperatingActivities": 45300000, "depreciation": 54800000, "otherCashflowsFromInvestingActivities": -6000000, "dividendsPaid": -48100000, "changeToInventory": -226100000, "changeToAccountReceivables": 43900000, "changeToNetincome": 48000000, "capitalExpenditures": -39400000}, "2022-04-02": {"investments": -25900000, "changeToLiabilities": -101500000, "totalCashflowsFromInvestingActivities": -82100000, "netBorrowings": -6300000, "totalCashFromFinancingActivities": -207400000, "changeToOperatingActivities": 46000000, "netIncome": 24400000, "changeInCash": -413400000, "repurchaseOfStock": -152200000, "effectOfExchangeRate": -18100000, "totalCashFromOperatingActivities": -105800000, "depreciation": 60400000, "otherCashflowsFromInvestingActivities": -2900000, "dividendsPaid": -48900000, "changeToInventory": -57700000, "changeToAccountReceivables": 700000, "changeToNetincome": -26800000, "capitalExpenditures": -53300000}, "2021-12-25": {"investments": -43200000, "changeToLiabilities": 150400000, "totalCashflowsFromInvestingActivities": -93400000, "netBorrowings": -5100000, "totalCashFromFinancingActivities": -356200000, "changeToOperatingActivities": -63900000, "netIncome": 217700000, "changeInCash": -111300000, "repurchaseOfStock": -300500000, "effectOfExchangeRate": -19200000, "totalCashFromOperatingActivities": 357500000, "depreciation": 56200000, "otherCashflowsFromInvestingActivities": -2900000, "dividendsPaid": -50600000, "changeToInventory": -12600000, "changeToAccountReceivables": 5100000, "changeToNetincome": 21800000, "capitalExpenditures": -50200000}, "2021-09-25": {"investments": -306300000, "changeToLiabilities": 140400000, "totalCashflowsFromInvestingActivities": -343000000, "netBorrowings": -6200000, "totalCashFromFinancingActivities": -67800000, "changeToOperatingActivities": -8000000, "netIncome": 193300000, "changeInCash": -208500000, "repurchaseOfStock": -11100000, "effectOfExchangeRate": -14300000, "totalCashFromOperatingActivities": 216600000, "depreciation": 55900000, "otherCashflowsFromInvestingActivities": -1500000, "dividendsPaid": -50500000, "changeToInventory": -131300000, "changeToAccountReceivables": -55000000, "changeToNetincome": 19800000, "capitalExpenditures": -35200000}}}}, "PVH": {"balance": {"annual": {"2022-01-30": {"intangibleAssets": 3307000000, "capitalSurplus": 3198400000, "totalLiab": 7108000000, "totalStockholderEquity": 5288800000, "otherCurrentLiab": 46600000, "totalAssets": 12396800000, "commonStock": 87100000, "otherCurrentAssets": 128400000, "retainedEarnings": 4562800000, "otherLiab": 783300000, "goodWill": 2828900000, "treasuryStock": -2559500000, "otherAssets": 186800000, "cash": 1242500000, "totalCurrentLiabilities": 2787500000, "deferredLongTermAssetCharges": 46100000, "shortLongTermDebt": 34800000, "otherStockholderEquity": -612700000, "propertyPlantEquipment": 2255100000, "totalCurrentAssets": 3653700000, "longTermInvestments": 165300000, "netTangibleAssets": -847100000, "netReceivables": 765300000, "longTermDebt": 2317600000, "inventory": 1348500000, "accountsPayable": 1220800000}, "2021-01-31": {"intangibleAssets": 3518200000, "capitalSurplus": 3129400000, "totalLiab": 8566600000, "totalStockholderEquity": 4730300000, "minorityInterest": -3400000, "otherCurrentLiab": 110500000, "totalAssets": 13293500000, "commonStock": 86300000, "otherCurrentAssets": 50400000, "retainedEarnings": 3613200000, "otherLiab": 1030400000, "goodWill": 2954300000, "treasuryStock": -2098600000, "otherAssets": 205800000, "cash": 1651400000, "totalCurrentLiabilities": 2582400000, "deferredLongTermAssetCharges": 57200000, "shortLongTermDebt": 44300000, "otherStockholderEquity": -519100000, "propertyPlantEquipment": 2507500000, "totalCurrentAssets": 3943700000, "longTermInvestments": 164000000, "netTangibleAssets": -1742200000, "netReceivables": 666600000, "longTermDebt": 3515200000, "inventory": 1417100000, "accountsPayable": 1124200000}, "2020-02-02": {"intangibleAssets": 3480700000, "capitalSurplus": 3075400000, "totalLiab": 7821500000, "totalStockholderEquity": 5811500000, "minorityInterest": -2000000, "otherCurrentLiab": 140800000, "totalAssets": 13631000000, "commonStock": 85900000, "otherCurrentAssets": 350000000, "retainedEarnings": 4753000000, "otherLiab": 1224200000, "goodWill": 3677600000, "treasuryStock": -2102800000, "otherAssets": 199600000, "cash": 503400000, "totalCurrentLiabilities": 2361100000, "deferredLongTermAssetCharges": 40300000, "shortLongTermDebt": 19300000, "otherStockholderEquity": -640100000, "propertyPlantEquipment": 2702600000, "totalCurrentAssets": 3394200000, "longTermInvestments": 176300000, "netTangibleAssets": -1346800000, "netReceivables": 765100000, "longTermDebt": 2694300000, "inventory": 1615700000, "accountsPayable": 882800000}, "2019-02-03": {"intangibleAssets": 3569200000, "capitalSurplus": 3017300000, "totalLiab": 6035700000, "totalStockholderEquity": 5827800000, "minorityInterest": 200000, "otherCurrentLiab": 70800000, "totalAssets": 11863700000, "commonStock": 85400000, "otherCurrentAssets": 80300000, "retainedEarnings": 4350100000, "otherLiab": 1320800000, "goodWill": 3670500000, "treasuryStock": -1625000000, "otherAssets": 193800000, "cash": 452000000, "totalCurrentLiabilities": 1893900000, "deferredLongTermAssetCharges": 40500000, "shortLongTermDebt": 1200000, "otherStockholderEquity": -507900000, "propertyPlantEquipment": 984500000, "totalCurrentAssets": 3238600000, "longTermInvestments": 207100000, "netTangibleAssets": -1411900000, "netReceivables": 803800000, "longTermDebt": 2821000000, "inventory": 1732400000, "accountsPayable": 924200000}}, "quarterly": {"2022-05-01": {"intangibleAssets": 3252200000, "capitalSurplus": 3208400000, "totalLiab": 6620800000, "totalStockholderEquity": 5268500000, "otherCurrentLiab": 41700000, "totalAssets": 11889300000, "commonStock": 87300000, "otherCurrentAssets": 153600000, "retainedEarnings": 4693300000, "otherLiab": 792900000, "goodWill": 2745900000, "treasuryStock": -2720500000, "otherAssets": 191500000, "cash": 748700000, "totalCurrentLiabilities": 2428700000, "deferredLongTermAssetCharges": 41000000, "shortLongTermDebt": 36200000, "otherStockholderEquity": -668500000, "propertyPlantEquipment": 2175800000, "totalCurrentAssets": 3365000000, "longTermInvestments": 158900000, "netTangibleAssets": -729600000, "netReceivables": 872500000, "longTermDebt": 2216500000, "inventory": 1389700000, "accountsPayable": 1062200000}, "2022-01-30": {"intangibleAssets": 3307000000, "capitalSurplus": 3198400000, "totalLiab": 7108000000, "totalStockholderEquity": 5288800000, "otherCurrentLiab": 46600000, "totalAssets": 12396800000, "commonStock": 87100000, "otherCurrentAssets": 128400000, "retainedEarnings": 4562800000, "otherLiab": 783300000, "goodWill": 2828900000, "treasuryStock": -2559500000, "otherAssets": 186800000, "cash": 1242500000, "totalCurrentLiabilities": 2787500000, "deferredLongTermAssetCharges": 46100000, "shortLongTermDebt": 34800000, "otherStockholderEquity": -612700000, "propertyPlantEquipment": 2255100000, "totalCurrentAssets": 3653700000, "longTermInvestments": 165300000, "netTangibleAssets": -847100000, "netReceivables": 765300000, "longTermDebt": 2317600000, "inventory": 1348500000, "accountsPayable": 1220800000}, "2021-10-31": {"intangibleAssets": 3376100000, "capitalSurplus": 3181800000, "totalLiab": 7644300000, "totalStockholderEquity": 5171700000, "otherCurrentLiab": 39400000, "totalAssets": 12816000000, "commonStock": 87000000, "otherCurrentAssets": 94200000, "retainedEarnings": 4172000000, "otherLiab": 1081000000, "goodWill": 2894200000, "treasuryStock": -2269100000, "otherAssets": 200300000, "cash": 1298700000, "totalCurrentLiabilities": 2659300000, "deferredLongTermAssetCharges": 54000000, "shortLongTermDebt": 33600000, "otherStockholderEquity": -524400000, "propertyPlantEquipment": 2329200000, "totalCurrentAssets": 3858900000, "longTermInvestments": 157300000, "netTangibleAssets": -1098600000, "netReceivables": 936600000, "longTermDebt": 2605300000, "inventory": 1379600000, "accountsPayable": 1051300000}, "2021-08-01": {"intangibleAssets": 3403600000, "capitalSurplus": 3155100000, "totalLiab": 7764500000, "totalStockholderEquity": 5032800000, "otherCurrentLiab": 61100000, "totalAssets": 12797300000, "commonStock": 86700000, "otherCurrentAssets": 176600000, "retainedEarnings": 3895000000, "otherLiab": 1098000000, "goodWill": 2920200000, "treasuryStock": -2104000000, "otherAssets": 198800000, "cash": 1152600000, "totalCurrentLiabilities": 2531400000, "deferredLongTermAssetCharges": 52400000, "shortLongTermDebt": 31700000, "otherStockholderEquity": -512300000, "propertyPlantEquipment": 2365700000, "totalCurrentAssets": 3754300000, "longTermInvestments": 154700000, "netTangibleAssets": -1291000000, "netReceivables": 847200000, "longTermDebt": 2783200000, "inventory": 1421300000, "accountsPayable": 1069500000}}}, "income": {"annual": {"2022-01-30": {"researchDevelopment": null, "effectOfAccountingCharges": null, "incomeBeforeTax": 972700000, "minorityInterest": null, "netIncome": 952300000, "sellingGeneralAdministrative": 4350200000, "grossProfit": 5324100000, "ebit": 973900000, "operatingIncome": 973900000, "otherOperatingExpenses": null, "interestExpense": -108600000, "extraordinaryItems": null, "nonRecurring": null, "otherItems": null, "incomeTaxExpense": 20700000, "totalRevenue": 9154700000, "totalOperatingExpenses": 8180800000, "costOfRevenue": 3830600000, "totalOtherIncomeExpenseNet": -1200000, "discontinuedOperations": null, "netIncomeFromContinuingOps": 952000000, "netIncomeApplicableToCommonShares": 952300000}, "2021-01-31": {"researchDevelopment": null, "effectOfAccountingCharges": null, "incomeBeforeTax": -1193000000, "minorityInterest": -3400000, "netIncome": -1136100000, "sellingGeneralAdministrative": 3850900000, "grossProfit": 3776800000, "ebit": -74100000, "operatingIncome": -74100000, "otherOperatingExpenses": null, "interestExpense": -125500000, "extraordinaryItems": null, "nonRecurring": null, "otherItems": null, "incomeTaxExpense": -55500000, "totalRevenue": 7132600000, "totalOperatingExpenses": 7206700000, "costOfRevenue": 3355800000, "totalOtherIncomeExpenseNet": -1118900000, "discontinuedOperations": null, "netIncomeFromContinuingOps": -1137500000, "netIncomeApplicableToCommonShares": -1136100000}, "2020-02-02": {"researchDevelopment": null, "effectOfAccountingCharges": null, "incomeBeforeTax": 444000000, "minorityInterest": -2000000, "netIncome": 417300000, "sellingGeneralAdministrative": 4576400000, "grossProfit": 5388400000, "ebit": 812000000, "operatingIncome": 812000000, "otherOperatingExpenses": null, "interestExpense": -120000000, "extraordinaryItems": null, "nonRecurring": null, "otherItems": null, "incomeTaxExpense": 28900000, "totalRevenue": 9909000000, "totalOperatingExpenses": 9097000000, "costOfRevenue": 4520600000, "totalOtherIncomeExpenseNet": -368000000, "discontinuedOperations": null, "netIncomeFromContinuingOps": 415100000, "netIncomeApplicableToCommonShares": 417300000}, "2019-02-03": {"researchDevelopment": null, "effectOfAccountingCharges": null, "incomeBeforeTax": 775600000, "minorityInterest": 200000, "netIncome": 746400000, "sellingGeneralAdministrative": 4397200000, "grossProfit": 5308300000, "ebit": 911100000, "operatingIncome": 911100000, "otherOperatingExpenses": null, "interestExpense": -120800000, "extraordinaryItems": null, "nonRecurring": null, "otherItems": null, "incomeTaxExpense": 31000000, "totalRevenue": 9656800000, "totalOperatingExpenses": 8745700000, "costOfRevenue": 4348500000, "totalOtherIncomeExpenseNet": -135500000, "discontinuedOperations": null, "netIncomeFromContinuingOps": 744600000, "netIncomeApplicableToCommonShares": 746400000}}, "quarterly": {"2022-05-01": {"researchDevelopment": null, "effectOfAccountingCharges": null, "incomeBeforeTax": 188500000, "minorityInterest": null, "netIncome": 133100000, "sellingGeneralAdministrative": 1036600000, "grossProfit": 1238700000, "ebit": 202100000, "operatingIncome": 202100000, "otherOperatingExpenses": null, "interestExpense": -23000000, "extraordinaryItems": null, "nonRecurring": null, "otherItems": null, "incomeTaxExpense": 55400000, "totalRevenue": 2122700000, "totalOperatingExpenses": 1920600000, "costOfRevenue": 884000000, "totalOtherIncomeExpenseNet": -13600000, "discontinuedOperations": null, "netIncomeFromContinuingOps": 133100000, "netIncomeApplicableToCommonShares": 133100000}, "2022-01-30": {"researchDevelopment": null, "effectOfAccountingCharges": null, "incomeBeforeTax": 199400000, "minorityInterest": null, "netIncome": 390800000, "sellingGeneralAdministrative": 1213900000, "grossProfit": 1416300000, "ebit": 202400000, "operatingIncome": 202400000, "otherOperatingExpenses": null, "interestExpense": -24900000, "extraordinaryItems": null, "nonRecurring": null, "otherItems": null, "incomeTaxExpense": -191400000, "totalRevenue": 2429700000, "totalOperatingExpenses": 2227300000, "costOfRevenue": 1013400000, "totalOtherIncomeExpenseNet": -3000000, "discontinuedOperations": null, "netIncomeFromContinuingOps": 390800000, "netIncomeApplicableToCommonShares": 390800000}, "2021-10-31": {"researchDevelopment": null, "effectOfAccountingCharges": null, "incomeBeforeTax": 352600000, "minorityInterest": null, "netIncome": 279700000, "sellingGeneralAdministrative": 1094800000, "grossProfit": 1345100000, "ebit": 250300000, "operatingIncome": 250300000, "otherOperatingExpenses": null, "interestExpense": -25900000, "extraordinaryItems": null, "nonRecurring": null, "otherItems": null, "incomeTaxExpense": 72900000, "totalRevenue": 2332500000, "totalOperatingExpenses": 2082200000, "costOfRevenue": 987400000, "totalOtherIncomeExpenseNet": 102300000, "discontinuedOperations": null, "netIncomeFromContinuingOps": 279700000, "netIncomeApplicableToCommonShares": 279700000}, "2021-08-01": {"researchDevelopment": null, "effectOfAccountingCharges": null, "incomeBeforeTax": 252700000, "minorityInterest": null, "netIncome": 181900000, "sellingGeneralAdministrative": 1048000000, "grossProfit": 1333600000, "ebit": 285600000, "operatingIncome": 285600000, "otherOperatingExpenses": null, "interestExpense": -27300000, "extraordinaryItems": null, "nonRecurring": null, "otherItems": null, "incomeTaxExpense": 70900000, "totalRevenue": 2313200000, "totalOperatingExpenses": 2027600000, "costOfRevenue": 979600000, "totalOtherIncomeExpenseNet": -32900000, "discontinuedOperations": null, "netIncomeFromContinuingOps": 181800000, "netIncomeApplicableToCommonShares": 181900000}}}, "cash": {"annual": {"2022-01-30": {"changeToLiabilities": 260700000, "totalCashflowsFromInvestingActivities": -45000000, "netBorrowings": -1046000000, "totalCashFromFinancingActivities": -1398500000, "changeToOperatingActivities": -120400000, "issuanceOfStock": 26700000, "netIncome": 952300000, "changeInCash": -408900000, "repurchaseOfStock": -361300000, "effectOfExchangeRate": -36600000, "totalCashFromOperatingActivities": 1071200000, "depreciation": 301200000, "dividendsPaid": -2700000, "changeToInventory": -33900000, "changeToAccountReceivables": -138100000, "otherCashflowsFromFinancingActivities": -15200000, "changeToNetincome": -156800000, "capitalExpenditures": -267900000}, "2021-01-31": {"investments": -1600000, "changeToLiabilities": 140900000, "totalCashflowsFromInvestingActivities": -59100000, "netBorrowings": 606200000, "totalCashFromFinancingActivities": 477400000, "changeToOperatingActivities": 82400000, "issuanceOfStock": 3900000, "netIncome": -1136100000, "changeInCash": 1148000000, "repurchaseOfStock": -117300000, "effectOfExchangeRate": 32000000, "totalCashFromOperatingActivities": 697700000, "depreciation": 314200000, "dividendsPaid": -2700000, "changeToInventory": 283300000, "changeToAccountReceivables": 138400000, "otherCashflowsFromFinancingActivities": -12700000, "changeToNetincome": 870200000, "capitalExpenditures": -226600000}, "2020-02-02": {"investments": -27700000, "changeToLiabilities": 47800000, "totalCashflowsFromInvestingActivities": -505900000, "netBorrowings": -97700000, "totalCashFromFinancingActivities": -451600000, "changeToOperatingActivities": -86100000, "issuanceOfStock": 2500000, "netIncome": 417300000, "changeInCash": 51400000, "repurchaseOfStock": -345100000, "effectOfExchangeRate": -11400000, "totalCashFromOperatingActivities": 1020300000, "depreciation": 322900000, "dividendsPaid": -11300000, "changeToInventory": 121400000, "changeToAccountReceivables": -17100000, "otherCashflowsFromFinancingActivities": -12700000, "changeToNetincome": 213200000, "capitalExpenditures": -345200000}, "2019-02-03": {"investments": -27700000, "changeToLiabilities": 112900000, "totalCashflowsFromInvestingActivities": -395400000, "netBorrowings": -162100000, "totalCashFromFinancingActivities": -478500000, "changeToOperatingActivities": 69200000, "issuanceOfStock": 20400000, "netIncome": 746400000, "changeInCash": -41900000, "repurchaseOfStock": -325200000, "effectOfExchangeRate": -20500000, "totalCashFromOperatingActivities": 852500000, "depreciation": 334800000, "dividendsPaid": -11600000, "changeToInventory": -212100000, "changeToAccountReceivables": -151400000, "otherCashflowsFromFinancingActivities": -12700000, "changeToNetincome": -47300000, "capitalExpenditures": -379500000}}, "quarterly": {"2022-05-01": {"investments": -4700000, "changeToLiabilities": -271400000, "totalCashflowsFromInvestingActivities": -57100000, "netBorrowings": -1500000, "totalCashFromFinancingActivities": -112000000, "changeToOperatingActivities": -56200000, "issuanceOfStock": 100000, "netIncome": 133100000, "changeInCash": -493800000, "repurchaseOfStock": -108000000, "effectOfExchangeRate": -21300000, "totalCashFromOperatingActivities": -303400000, "depreciation": 76800000, "dividendsPaid": -2600000, "changeToInventory": -78100000, "changeToAccountReceivables": -109400000, "changeToNetincome": 1800000, "capitalExpenditures": -52400000}, "2022-01-30": {"investments": -4700000, "changeToLiabilities": 208300000, "totalCashflowsFromInvestingActivities": -97200000, "netBorrowings": -226000000, "totalCashFromFinancingActivities": -423500000, "changeToOperatingActivities": -119900000, "issuanceOfStock": 5700000, "netIncome": 390800000, "changeInCash": -56200000, "repurchaseOfStock": -200500000, "effectOfExchangeRate": -23500000, "totalCashFromOperatingActivities": 488000000, "depreciation": 73900000, "dividendsPaid": -2700000, "changeToInventory": -21900000, "changeToAccountReceivables": 137900000, "changeToNetincome": -187300000, "capitalExpenditures": -97200000}, "2021-10-31": {"investments": -4700000, "changeToLiabilities": 48700000, "totalCashflowsFromInvestingActivities": 162400000, "netBorrowings": -128500000, "totalCashFromFinancingActivities": -261400000, "changeToOperatingActivities": -30800000, "issuanceOfStock": 15700000, "netIncome": 279700000, "changeInCash": 146100000, "repurchaseOfStock": -148600000, "effectOfExchangeRate": -5900000, "totalCashFromOperatingActivities": 251000000, "depreciation": 77300000, "dividendsPaid": -2700000, "changeToInventory": 44000000, "changeToAccountReceivables": -85100000, "changeToNetincome": -82800000, "capitalExpenditures": -60500000}, "2021-08-01": {"investments": -4700000, "changeToLiabilities": 172600000, "totalCashflowsFromInvestingActivities": -61100000, "netBorrowings": -199700000, "totalCashFromFinancingActivities": -214000000, "changeToOperatingActivities": 46000000, "issuanceOfStock": 3900000, "netIncome": 181900000, "changeInCash": 239400000, "repurchaseOfStock": -3000000, "effectOfExchangeRate": -6800000, "totalCashFromOperatingActivities": 521300000, "depreciation": 75300000, "dividendsPaid": -2700000, "changeToInventory": -19500000, "changeToAccountReceivables": 20800000, "otherCashflowsFromFinancingActivities": -15200000, "changeToNetincome": 44200000, "capitalExpenditures": -61100000}}}}}