{"KMB": {"balance": {"annual": {"2021-12-31": {"intangibleAssets": 810000000, "capitalSurplus": 605000000, "totalLiab": 17100000000, "totalStockholderEquity": 514000000, "minorityInterest": 223000000, "otherCurrentLiab": 1175000000, "totalAssets": 17837000000, "commonStock": 473000000, "otherCurrentAssets": 849000000, "retainedEarnings": 7858000000, "otherLiab": 1791000000, "goodWill": 1840000000, "treasuryStock": -8422000000, "otherAssets": 747000000, "cash": 270000000, "totalCurrentLiabilities": 6749000000, "shortLongTermDebt": 315000000, "otherStockholderEquity": -3239000000, "propertyPlantEquipment": 8585000000, "totalCurrentAssets": 5565000000, "longTermInvestments": 290000000, "netTangibleAssets": -2136000000, "netReceivables": 2207000000, "longTermDebt": 8107000000, "inventory": 2239000000, "accountsPayable": 3840000000}, "2020-12-31": {"intangibleAssets": 832000000, "capitalSurplus": 657000000, "totalLiab": 16654000000, "totalStockholderEquity": 626000000, "minorityInterest": 243000000, "otherCurrentLiab": 1172000000, "totalAssets": 17523000000, "commonStock": 473000000, "otherCurrentAssets": 733000000, "retainedEarnings": 7567000000, "otherLiab": 1882000000, "goodWill": 1895000000, "treasuryStock": -8071000000, "otherAssets": 740000000, "cash": 303000000, "totalCurrentLiabilities": 6443000000, "shortLongTermDebt": 263000000, "otherStockholderEquity": -3172000000, "propertyPlantEquipment": 8582000000, "totalCurrentAssets": 5174000000, "longTermInvestments": 300000000, "netTangibleAssets": -2101000000, "netReceivables": 2235000000, "longTermDebt": 7886000000, "inventory": 1903000000, "accountsPayable": 3336000000}, "2019-12-31": {"intangibleAssets": 29000000, "capitalSurplus": 556000000, "totalLiab": 15089000000, "totalStockholderEquity": -33000000, "minorityInterest": 227000000, "otherCurrentLiab": 1000000000, "totalAssets": 15283000000, "commonStock": 473000000, "otherCurrentAssets": 562000000, "retainedEarnings": 6686000000, "otherLiab": 1654000000, "goodWill": 1467000000, "treasuryStock": -7748000000, "otherAssets": 616000000, "cash": 442000000, "totalCurrentLiabilities": 6919000000, "shortLongTermDebt": 759000000, "otherStockholderEquity": -3294000000, "propertyPlantEquipment": 7846000000, "totalCurrentAssets": 5057000000, "longTermInvestments": 268000000, "netTangibleAssets": -1529000000, "netReceivables": 2263000000, "longTermDebt": 6242000000, "inventory": 1790000000, "accountsPayable": 3055000000}, "2018-12-31": {"capitalSurplus": 548000000, "totalLiab": 14564000000, "totalStockholderEquity": -287000000, "minorityInterest": 241000000, "otherCurrentLiab": 1056000000, "totalAssets": 14518000000, "commonStock": 473000000, "otherCurrentAssets": 525000000, "retainedEarnings": 5947000000, "otherLiab": 1717000000, "goodWill": 1474000000, "treasuryStock": -7255000000, "otherAssets": 620000000, "cash": 539000000, "totalCurrentLiabilities": 6536000000, "shortLongTermDebt": 713000000, "otherStockholderEquity": -3299000000, "propertyPlantEquipment": 7159000000, "totalCurrentAssets": 5041000000, "longTermInvestments": 224000000, "netTangibleAssets": -1761000000, "netReceivables": 2164000000, "longTermDebt": 6311000000, "inventory": 1813000000, "accountsPayable": 3190000000}}, "quarterly": {"2022-06-30": {"intangibleAssets": 893000000, "capitalSurplus": 598000000, "totalLiab": 17372000000, "totalStockholderEquity": 593000000, "minorityInterest": 149000000, "otherCurrentLiab": 388000000, "totalAssets": 18114000000, "commonStock": 473000000, "otherCurrentAssets": 604000000, "retainedEarnings": 8022000000, "otherLiab": 2205000000, "goodWill": 2102000000, "treasuryStock": -8500000000, "otherAssets": 1256000000, "cash": 311000000, "totalCurrentLiabilities": 7209000000, "shortLongTermDebt": 363000000, "otherStockholderEquity": -3389000000, "propertyPlantEquipment": 7931000000, "totalCurrentAssets": 5662000000, "longTermInvestments": 270000000, "netTangibleAssets": -2402000000, "netReceivables": 2469000000, "longTermDebt": 7958000000, "inventory": 2278000000, "accountsPayable": 3701000000}, "2022-03-31": {"intangibleAssets": 926000000, "capitalSurplus": 599000000, "totalLiab": 17818000000, "totalStockholderEquity": 705000000, "minorityInterest": 149000000, "otherCurrentLiab": 388000000, "totalAssets": 18672000000, "commonStock": 473000000, "otherCurrentAssets": 629000000, "retainedEarnings": 7988000000, "otherLiab": 2200000000, "goodWill": 2177000000, "treasuryStock": -8355000000, "otherAssets": 1286000000, "cash": 493000000, "totalCurrentLiabilities": 7257000000, "shortLongTermDebt": 14000000, "otherStockholderEquity": -3180000000, "propertyPlantEquipment": 8114000000, "totalCurrentAssets": 5903000000, "longTermInvestments": 266000000, "netTangibleAssets": -2398000000, "netReceivables": 2516000000, "longTermDebt": 8361000000, "inventory": 2265000000, "accountsPayable": 3846000000}, "2021-12-31": {"intangibleAssets": 810000000, "capitalSurplus": 605000000, "totalLiab": 17100000000, "totalStockholderEquity": 514000000, "minorityInterest": 223000000, "otherCurrentLiab": 1175000000, "totalAssets": 17837000000, "commonStock": 473000000, "otherCurrentAssets": 849000000, "retainedEarnings": 7858000000, "otherLiab": 1791000000, "goodWill": 1840000000, "treasuryStock": -8422000000, "otherAssets": 747000000, "cash": 270000000, "totalCurrentLiabilities": 6749000000, "shortLongTermDebt": 315000000, "otherStockholderEquity": -3239000000, "propertyPlantEquipment": 8585000000, "totalCurrentAssets": 5565000000, "longTermInvestments": 290000000, "netTangibleAssets": -2136000000, "netReceivables": 2207000000, "longTermDebt": 8107000000, "inventory": 2239000000, "accountsPayable": 3840000000}, "2021-09-30": {"intangibleAssets": 810000000, "capitalSurplus": 614000000, "totalLiab": 17068000000, "totalStockholderEquity": 474000000, "minorityInterest": 233000000, "otherCurrentLiab": 428000000, "totalAssets": 17775000000, "commonStock": 473000000, "otherCurrentAssets": 843000000, "retainedEarnings": 7883000000, "otherLiab": 2227000000, "goodWill": 1796000000, "treasuryStock": -8496000000, "otherAssets": 1239000000, "cash": 286000000, "totalCurrentLiabilities": 7258000000, "shortLongTermDebt": 315000000, "otherStockholderEquity": -3305000000, "propertyPlantEquipment": 7964000000, "totalCurrentAssets": 5626000000, "longTermInvestments": 340000000, "netTangibleAssets": -2132000000, "netReceivables": 2399000000, "longTermDebt": 7583000000, "inventory": 2098000000, "accountsPayable": 3519000000}}}, "income": {"annual": {"2021-12-31": {"researchDevelopment": null, "effectOfAccountingCharges": null, "incomeBeforeTax": 2323000000, "minorityInterest": 223000000, "netIncome": 1814000000, "sellingGeneralAdministrative": 3286000000, "grossProfit": 6142000000, "ebit": 2843000000, "operatingIncome": 2843000000, "otherOperatingExpenses": 13000000, "interestExpense": -256000000, "extraordinaryItems": null, "nonRecurring": null, "otherItems": null, "incomeTaxExpense": 479000000, "totalRevenue": 19440000000, "totalOperatingExpenses": 16597000000, "costOfRevenue": 13298000000, "totalOtherIncomeExpenseNet": -520000000, "discontinuedOperations": null, "netIncomeFromContinuingOps": 1844000000, "netIncomeApplicableToCommonShares": 1814000000}, "2020-12-31": {"researchDevelopment": null, "effectOfAccountingCharges": null, "incomeBeforeTax": 3072000000, "minorityInterest": 243000000, "netIncome": 2352000000, "sellingGeneralAdministrative": 3512000000, "grossProfit": 7105000000, "ebit": 3522000000, "operatingIncome": 3522000000, "otherOperatingExpenses": 71000000, "interestExpense": -252000000, "extraordinaryItems": null, "nonRecurring": null, "otherItems": null, "incomeTaxExpense": 676000000, "totalRevenue": 19140000000, "totalOperatingExpenses": 15618000000, "costOfRevenue": 12035000000, "totalOtherIncomeExpenseNet": -450000000, "discontinuedOperations": null, "netIncomeFromContinuingOps": 2396000000, "netIncomeApplicableToCommonShares": 2352000000}, "2019-12-31": {"researchDevelopment": null, "effectOfAccountingCharges": null, "incomeBeforeTax": 2773000000, "minorityInterest": 227000000, "netIncome": 2157000000, "sellingGeneralAdministrative": 3199000000, "grossProfit": 6451000000, "ebit": 3254000000, "operatingIncome": 3254000000, "otherOperatingExpenses": -2000000, "interestExpense": -261000000, "extraordinaryItems": null, "nonRecurring": null, "otherItems": null, "incomeTaxExpense": 576000000, "totalRevenue": 18450000000, "totalOperatingExpenses": 15196000000, "costOfRevenue": 11999000000, "totalOtherIncomeExpenseNet": -481000000, "discontinuedOperations": null, "netIncomeFromContinuingOps": 2197000000, "netIncomeApplicableToCommonShares": 2157000000}, "2018-12-31": {"researchDevelopment": null, "effectOfAccountingCharges": null, "incomeBeforeTax": 1916000000, "minorityInterest": 241000000, "netIncome": 1410000000, "sellingGeneralAdministrative": 3151000000, "grossProfit": 6138000000, "ebit": 3026000000, "operatingIncome": 3026000000, "otherOperatingExpenses": -39000000, "interestExpense": -263000000, "extraordinaryItems": null, "nonRecurring": null, "otherItems": null, "incomeTaxExpense": 471000000, "totalRevenue": 18486000000, "totalOperatingExpenses": 15460000000, "costOfRevenue": 12348000000, "totalOtherIncomeExpenseNet": -1110000000, "discontinuedOperations": null, "netIncomeFromContinuingOps": 1445000000, "netIncomeApplicableToCommonShares": 1410000000}}, "quarterly": {"2022-06-30": {"researchDevelopment": null, "effectOfAccountingCharges": null, "incomeBeforeTax": 556000000, "minorityInterest": 149000000, "netIncome": 437000000, "sellingGeneralAdministrative": 906000000, "grossProfit": 1529000000, "ebit": 622000000, "operatingIncome": 622000000, "otherOperatingExpenses": 1000000, "interestExpense": -68000000, "extraordinaryItems": null, "nonRecurring": null, "otherItems": null, "incomeTaxExpense": 115000000, "totalRevenue": 5063000000, "totalOperatingExpenses": 4441000000, "costOfRevenue": 3534000000, "totalOtherIncomeExpenseNet": -66000000, "discontinuedOperations": null, "netIncomeFromContinuingOps": 441000000, "netIncomeApplicableToCommonShares": 437000000}, "2022-03-31": {"researchDevelopment": null, "effectOfAccountingCharges": null, "incomeBeforeTax": 649000000, "minorityInterest": 149000000, "netIncome": 523000000, "sellingGeneralAdministrative": 865000000, "grossProfit": 1520000000, "ebit": 663000000, "operatingIncome": 663000000, "otherOperatingExpenses": -8000000, "interestExpense": -65000000, "extraordinaryItems": null, "nonRecurring": null, "otherItems": null, "incomeTaxExpense": 114000000, "totalRevenue": 5095000000, "totalOperatingExpenses": 4432000000, "costOfRevenue": 3575000000, "totalOtherIncomeExpenseNet": -14000000, "discontinuedOperations": null, "netIncomeFromContinuingOps": 535000000, "netIncomeApplicableToCommonShares": 523000000}, "2021-12-31": {"researchDevelopment": null, "effectOfAccountingCharges": null, "incomeBeforeTax": 454000000, "minorityInterest": 223000000, "netIncome": 357000000, "sellingGeneralAdministrative": 876000000, "grossProfit": 1492000000, "ebit": 610000000, "operatingIncome": 610000000, "otherOperatingExpenses": 6000000, "interestExpense": -64000000, "extraordinaryItems": null, "nonRecurring": null, "otherItems": null, "incomeTaxExpense": 93000000, "totalRevenue": 4965000000, "totalOperatingExpenses": 4355000000, "costOfRevenue": 3473000000, "totalOtherIncomeExpenseNet": -156000000, "discontinuedOperations": null, "netIncomeFromContinuingOps": 361000000, "netIncomeApplicableToCommonShares": 357000000}, "2021-09-30": {"researchDevelopment": null, "effectOfAccountingCharges": null, "incomeBeforeTax": 605000000, "minorityInterest": 233000000, "netIncome": 469000000, "sellingGeneralAdministrative": 780000000, "grossProfit": 1531000000, "ebit": 747000000, "operatingIncome": 747000000, "otherOperatingExpenses": 4000000, "interestExpense": -64000000, "extraordinaryItems": null, "nonRecurring": null, "otherItems": null, "incomeTaxExpense": 126000000, "totalRevenue": 5010000000, "totalOperatingExpenses": 4263000000, "costOfRevenue": 3479000000, "totalOtherIncomeExpenseNet": -142000000, "discontinuedOperations": null, "netIncomeFromContinuingOps": 479000000, "netIncomeApplicableToCommonShares": 469000000}}}, "cash": {"annual": {"2021-12-31": {"investments": -82000000, "changeToLiabilities": 627000000, "totalCashflowsFromInvestingActivities": -1056000000, "netBorrowings": 239000000, "totalCashFromFinancingActivities": -1696000000, "changeToOperatingActivities": -123000000, "issuanceOfStock": 65000000, "netIncome": 1814000000, "changeInCash": -33000000, "repurchaseOfStock": -400000000, "effectOfExchangeRate": -11000000, "totalCashFromOperatingActivities": 2730000000, "depreciation": 748000000, "otherCashflowsFromInvestingActivities": -10000000, "dividendsPaid": -1516000000, "changeToInventory": -417000000, "changeToAccountReceivables": -37000000, "otherCashflowsFromFinancingActivities": -84000000, "changeToNetincome": 122000000, "capitalExpenditures": -1007000000}, "2020-12-31": {"investments": -63000000, "changeToLiabilities": 239000000, "totalCashflowsFromInvestingActivities": -2305000000, "netBorrowings": 430000000, "totalCashFromFinancingActivities": -1567000000, "changeToOperatingActivities": 83000000, "issuanceOfStock": 217000000, "netIncome": 2352000000, "changeInCash": -139000000, "repurchaseOfStock": -700000000, "effectOfExchangeRate": 4000000, "totalCashFromOperatingActivities": 3729000000, "depreciation": 702000000, "otherCashflowsFromInvestingActivities": 27000000, "dividendsPaid": -1451000000, "changeToInventory": -96000000, "changeToAccountReceivables": 95000000, "otherCashflowsFromFinancingActivities": -63000000, "changeToNetincome": 312000000, "capitalExpenditures": -1217000000}, "2019-12-31": {"investments": -26000000, "changeToLiabilities": -153000000, "totalCashflowsFromInvestingActivities": -1042000000, "netBorrowings": 302000000, "totalCashFromFinancingActivities": -1792000000, "changeToOperatingActivities": -37000000, "issuanceOfStock": 228000000, "netIncome": 2157000000, "changeInCash": -97000000, "repurchaseOfStock": -800000000, "effectOfExchangeRate": 1000000, "totalCashFromOperatingActivities": 2736000000, "depreciation": 682000000, "otherCashflowsFromInvestingActivities": -45000000, "dividendsPaid": -1408000000, "changeToInventory": 24000000, "changeToAccountReceivables": -116000000, "otherCashflowsFromFinancingActivities": -114000000, "changeToNetincome": 185000000, "capitalExpenditures": -1209000000}, "2018-12-31": {"investments": -81000000, "changeToLiabilities": 392000000, "totalCashflowsFromInvestingActivities": -902000000, "netBorrowings": 66000000, "totalCashFromFinancingActivities": -2115000000, "changeToOperatingActivities": 27000000, "issuanceOfStock": 62000000, "netIncome": 1410000000, "changeInCash": -77000000, "repurchaseOfStock": -800000000, "effectOfExchangeRate": -30000000, "totalCashFromOperatingActivities": 2970000000, "depreciation": 710000000, "otherCashflowsFromInvestingActivities": 5000000, "dividendsPaid": -1386000000, "changeToInventory": -127000000, "changeToAccountReceivables": 33000000, "otherCashflowsFromFinancingActivities": -57000000, "changeToNetincome": 461000000, "capitalExpenditures": -877000000}}, "quarterly": {"2022-06-30": {"investments": 73000000, "changeToLiabilities": 0, "totalCashflowsFromInvestingActivities": -161000000, "netBorrowings": -281000000, "totalCashFromFinancingActivities": -753000000, "changeToOperatingActivities": 21000000, "issuanceOfStock": 52000000, "netIncome": 437000000, "changeInCash": -182000000, "repurchaseOfStock": -24000000, "effectOfExchangeRate": -8000000, "totalCashFromOperatingActivities": 740000000, "depreciation": 192000000, "otherCashflowsFromInvestingActivities": -6000000, "dividendsPaid": -391000000, "otherCashflowsFromFinancingActivities": -109000000, "changeToNetincome": 90000000, "capitalExpenditures": -217000000}, "2022-03-31": {"investments": 172000000, "changeToLiabilities": 0, "totalCashflowsFromInvestingActivities": -116000000, "netBorrowings": 534000000, "totalCashFromFinancingActivities": 133000000, "changeToOperatingActivities": -369000000, "issuanceOfStock": 23000000, "netIncome": 523000000, "changeInCash": 223000000, "repurchaseOfStock": -25000000, "effectOfExchangeRate": 2000000, "totalCashFromOperatingActivities": 204000000, "depreciation": 188000000, "otherCashflowsFromInvestingActivities": -1000000, "dividendsPaid": -384000000, "otherCashflowsFromFinancingActivities": -15000000, "changeToNetincome": -138000000, "capitalExpenditures": -253000000}, "2021-12-31": {"investments": -48000000, "changeToLiabilities": 627000000, "totalCashflowsFromInvestingActivities": -320000000, "netBorrowings": -351000000, "totalCashFromFinancingActivities": -755000000, "changeToOperatingActivities": 309000000, "issuanceOfStock": 13000000, "netIncome": 357000000, "changeInCash": -16000000, "repurchaseOfStock": -7000000, "effectOfExchangeRate": -3000000, "totalCashFromOperatingActivities": 1062000000, "depreciation": 186000000, "otherCashflowsFromInvestingActivities": -11000000, "dividendsPaid": -383000000, "changeToInventory": -417000000, "changeToAccountReceivables": -37000000, "otherCashflowsFromFinancingActivities": -27000000, "changeToNetincome": 41000000, "capitalExpenditures": -273000000}, "2021-09-30": {"investments": -16000000, "changeToLiabilities": 0, "totalCashflowsFromInvestingActivities": -249000000, "netBorrowings": -122000000, "totalCashFromFinancingActivities": -547000000, "changeToOperatingActivities": 63000000, "issuanceOfStock": 25000000, "netIncome": 469000000, "changeInCash": -20000000, "repurchaseOfStock": -62000000, "effectOfExchangeRate": -6000000, "totalCashFromOperatingActivities": 782000000, "depreciation": 192000000, "otherCashflowsFromInvestingActivities": 1000000, "dividendsPaid": -385000000, "changeToInventory": -417000000, "changeToAccountReceivables": -37000000, "otherCashflowsFromFinancingActivities": -3000000, "changeToNetincome": 58000000, "capitalExpenditures": -235000000}}}}, "IP": {"balance": {"annual": {"2021-12-31": {"capitalSurplus": 4668000000, "totalLiab": 16161000000, "totalStockholderEquity": 9082000000, "deferredLongTermLiab": 568000000, "otherCurrentLiab": 770000000, "totalAssets": 25243000000, "commonStock": 449000000, "otherCurrentAssets": 132000000, "retainedEarnings": 9029000000, "otherLiab": 6398000000, "goodWill": 3130000000, "treasuryStock": -5064000000, "otherAssets": 3442000000, "cash": 1295000000, "totalCurrentLiabilities": 4144000000, "shortLongTermDebt": 186000000, "otherStockholderEquity": -1666000000, "propertyPlantEquipment": 10824000000, "totalCurrentAssets": 7096000000, "longTermInvestments": 751000000, "netTangibleAssets": 5952000000, "shortTermInvestments": 245000000, "netReceivables": 3610000000, "longTermDebt": 5327000000, "inventory": 1814000000, "accountsPayable": 2606000000}, "2020-12-31": {"capitalSurplus": 6325000000, "totalLiab": 23850000000, "totalStockholderEquity": 7854000000, "minorityInterest": 14000000, "deferredLongTermLiab": 628000000, "otherCurrentLiab": 5679000000, "totalAssets": 31718000000, "commonStock": 449000000, "otherCurrentAssets": 6179000000, "retainedEarnings": 8070000000, "otherLiab": 7268000000, "goodWill": 3115000000, "treasuryStock": -6990000000, "otherAssets": 4839000000, "cash": 468000000, "totalCurrentLiabilities": 8284000000, "shortLongTermDebt": 16000000, "otherStockholderEquity": -4342000000, "propertyPlantEquipment": 11350000000, "totalCurrentAssets": 11236000000, "longTermInvestments": 1178000000, "netTangibleAssets": 4739000000, "netReceivables": 2963000000, "longTermDebt": 7981000000, "inventory": 1626000000, "accountsPayable": 2035000000}, "2019-12-31": {"capitalSurplus": 6297000000, "totalLiab": 25753000000, "totalStockholderEquity": 7713000000, "minorityInterest": 5000000, "deferredLongTermLiab": 793000000, "otherCurrentLiab": 5455000000, "totalAssets": 33471000000, "commonStock": 449000000, "otherCurrentAssets": 247000000, "retainedEarnings": 8408000000, "otherLiab": 7206000000, "goodWill": 3347000000, "treasuryStock": -7441000000, "otherAssets": 7935000000, "cash": 511000000, "totalCurrentLiabilities": 8646000000, "shortLongTermDebt": 126000000, "otherStockholderEquity": -4739000000, "propertyPlantEquipment": 13829000000, "totalCurrentAssets": 6639000000, "longTermInvestments": 1721000000, "netTangibleAssets": 4366000000, "netReceivables": 3673000000, "longTermDebt": 9509000000, "inventory": 2208000000, "accountsPayable": 2423000000}, "2018-12-31": {"capitalSurplus": 6280000000, "totalLiab": 26193000000, "totalStockholderEquity": 7362000000, "minorityInterest": 21000000, "deferredLongTermLiab": 1002000000, "otherCurrentLiab": 1107000000, "totalAssets": 33576000000, "commonStock": 449000000, "otherCurrentAssets": 250000000, "retainedEarnings": 7465000000, "otherLiab": 11484000000, "goodWill": 3374000000, "treasuryStock": -6832000000, "otherAssets": 8089000000, "cash": 589000000, "totalCurrentLiabilities": 4694000000, "shortLongTermDebt": 174000000, "otherStockholderEquity": -4500000000, "propertyPlantEquipment": 13469000000, "totalCurrentAssets": 6996000000, "longTermInvestments": 1648000000, "netTangibleAssets": 3988000000, "shortTermInvestments": 402000000, "netReceivables": 3916000000, "longTermDebt": 9952000000, "inventory": 2241000000, "accountsPayable": 2413000000}}, "quarterly": {"2022-06-30": {"intangibleAssets": 241000000, "capitalSurplus": 4675000000, "totalLiab": 16239000000, "totalStockholderEquity": 9043000000, "deferredLongTermLiab": 322000000, "otherCurrentLiab": 858000000, "totalAssets": 25282000000, "commonStock": 449000000, "otherCurrentAssets": 204000000, "retainedEarnings": 9557000000, "otherLiab": 6367000000, "goodWill": 3124000000, "treasuryStock": -5638000000, "otherAssets": 3324000000, "cash": 826000000, "totalCurrentLiabilities": 4352000000, "shortLongTermDebt": 283000000, "otherStockholderEquity": -1489000000, "propertyPlantEquipment": 10617000000, "totalCurrentAssets": 7046000000, "longTermInvestments": 930000000, "netTangibleAssets": 5678000000, "shortTermInvestments": 151000000, "netReceivables": 3968000000, "longTermDebt": 5223000000, "inventory": 1897000000, "accountsPayable": 2678000000}, "2022-03-31": {"capitalSurplus": 4670000000, "totalLiab": 16271000000, "totalStockholderEquity": 8887000000, "deferredLongTermLiab": 592000000, "otherCurrentLiab": 806000000, "totalAssets": 25158000000, "commonStock": 449000000, "otherCurrentAssets": 262000000, "retainedEarnings": 9218000000, "otherLiab": 6420000000, "goodWill": 3128000000, "treasuryStock": -5450000000, "otherAssets": 3529000000, "cash": 1031000000, "totalCurrentLiabilities": 4142000000, "shortLongTermDebt": 187000000, "otherStockholderEquity": -1694000000, "propertyPlantEquipment": 10709000000, "totalCurrentAssets": 7184000000, "longTermInvestments": 608000000, "netTangibleAssets": 5759000000, "shortTermInvestments": 291000000, "netReceivables": 3854000000, "longTermDebt": 5414000000, "inventory": 1746000000, "accountsPayable": 2657000000}, "2021-12-31": {"capitalSurplus": 4668000000, "totalLiab": 16161000000, "totalStockholderEquity": 9082000000, "deferredLongTermLiab": 568000000, "otherCurrentLiab": 770000000, "totalAssets": 25243000000, "commonStock": 449000000, "otherCurrentAssets": 132000000, "retainedEarnings": 9029000000, "otherLiab": 6398000000, "goodWill": 3130000000, "treasuryStock": -5064000000, "otherAssets": 3442000000, "cash": 1295000000, "totalCurrentLiabilities": 4144000000, "shortLongTermDebt": 186000000, "otherStockholderEquity": -1666000000, "propertyPlantEquipment": 10824000000, "totalCurrentAssets": 7096000000, "longTermInvestments": 751000000, "netTangibleAssets": 5952000000, "shortTermInvestments": 245000000, "netReceivables": 3610000000, "longTermDebt": 5327000000, "inventory": 1814000000, "accountsPayable": 2606000000}, "2021-09-30": {"capitalSurplus": 6371000000, "totalLiab": 19848000000, "totalStockholderEquity": 9622000000, "minorityInterest": 1000000, "deferredLongTermLiab": 704000000, "otherCurrentLiab": 1126000000, "totalAssets": 29471000000, "commonStock": 449000000, "otherCurrentAssets": 1745000000, "retainedEarnings": 9103000000, "otherLiab": 6646000000, "goodWill": 3274000000, "treasuryStock": -6301000000, "otherAssets": 3520000000, "cash": 2122000000, "totalCurrentLiabilities": 4698000000, "shortLongTermDebt": 221000000, "otherStockholderEquity": -3314000000, "propertyPlantEquipment": 12068000000, "totalCurrentAssets": 9896000000, "longTermInvestments": 713000000, "netTangibleAssets": 6348000000, "netReceivables": 3976000000, "longTermDebt": 8166000000, "inventory": 2053000000, "accountsPayable": 2704000000}}}, "income": {"annual": {"2021-12-31": {"researchDevelopment": null, "effectOfAccountingCharges": null, "incomeBeforeTax": 1312000000, "minorityInterest": null, "netIncome": 1752000000, "sellingGeneralAdministrative": 2629000000, "grossProfit": 5531000000, "ebit": 1666000000, "operatingIncome": 1666000000, "otherOperatingExpenses": 139000000, "interestExpense": -430000000, "extraordinaryItems": null, "nonRecurring": null, "otherItems": null, "incomeTaxExpense": 188000000, "totalRevenue": 19363000000, "totalOperatingExpenses": 17697000000, "costOfRevenue": 13832000000, "totalOtherIncomeExpenseNet": -354000000, "discontinuedOperations": 630000000, "netIncomeFromContinuingOps": 1124000000, "netIncomeApplicableToCommonShares": 1752000000}, "2020-12-31": {"researchDevelopment": null, "effectOfAccountingCharges": null, "incomeBeforeTax": 406000000, "minorityInterest": 14000000, "netIncome": 482000000, "sellingGeneralAdministrative": 2599000000, "grossProfit": 5226000000, "ebit": 1400000000, "operatingIncome": 1400000000, "otherOperatingExpenses": 136000000, "interestExpense": -597000000, "extraordinaryItems": null, "nonRecurring": null, "otherItems": null, "incomeTaxExpense": 176000000, "totalRevenue": 17565000000, "totalOperatingExpenses": 16165000000, "costOfRevenue": 12339000000, "totalOtherIncomeExpenseNet": -994000000, "discontinuedOperations": 252000000, "netIncomeFromContinuingOps": 230000000, "netIncomeApplicableToCommonShares": 482000000}, "2019-12-31": {"researchDevelopment": null, "effectOfAccountingCharges": null, "incomeBeforeTax": 1171000000, "minorityInterest": 5000000, "netIncome": 1225000000, "sellingGeneralAdministrative": 2735000000, "grossProfit": 5648000000, "ebit": 1708000000, "operatingIncome": 1708000000, "otherOperatingExpenses": 133000000, "interestExpense": -701000000, "extraordinaryItems": null, "nonRecurring": null, "otherItems": null, "incomeTaxExpense": 477000000, "totalRevenue": 18317000000, "totalOperatingExpenses": 16609000000, "costOfRevenue": 12669000000, "totalOtherIncomeExpenseNet": -537000000, "discontinuedOperations": 526000000, "netIncomeFromContinuingOps": 694000000, "netIncomeApplicableToCommonShares": 1225000000}, "2018-12-31": {"researchDevelopment": null, "effectOfAccountingCharges": null, "incomeBeforeTax": 2117000000, "minorityInterest": 21000000, "netIncome": 2012000000, "sellingGeneralAdministrative": 3784000000, "grossProfit": 7751000000, "ebit": 2468000000, "operatingIncome": 2468000000, "otherOperatingExpenses": 171000000, "interestExpense": -734000000, "extraordinaryItems": null, "nonRecurring": null, "otherItems": null, "incomeTaxExpense": 445000000, "totalRevenue": 23306000000, "totalOperatingExpenses": 20838000000, "costOfRevenue": 15555000000, "totalOtherIncomeExpenseNet": -351000000, "discontinuedOperations": 345000000, "netIncomeFromContinuingOps": 1672000000, "netIncomeApplicableToCommonShares": 2012000000}}, "quarterly": {"2022-06-30": {"researchDevelopment": null, "effectOfAccountingCharges": null, "incomeBeforeTax": 607000000, "minorityInterest": null, "netIncome": 511000000, "sellingGeneralAdministrative": 695000000, "grossProfit": 1583000000, "ebit": 585000000, "operatingIncome": 585000000, "otherOperatingExpenses": 36000000, "interestExpense": -83000000, "extraordinaryItems": null, "nonRecurring": null, "otherItems": null, "incomeTaxExpense": 96000000, "totalRevenue": 5389000000, "totalOperatingExpenses": 4804000000, "costOfRevenue": 3806000000, "totalOtherIncomeExpenseNet": 22000000, "discontinuedOperations": null, "netIncomeFromContinuingOps": 511000000, "netIncomeApplicableToCommonShares": 511000000}, "2022-03-31": {"researchDevelopment": null, "effectOfAccountingCharges": null, "incomeBeforeTax": 455000000, "minorityInterest": null, "netIncome": 360000000, "sellingGeneralAdministrative": 716000000, "grossProfit": 1398000000, "ebit": 385000000, "operatingIncome": 385000000, "otherOperatingExpenses": 36000000, "interestExpense": -77000000, "extraordinaryItems": null, "nonRecurring": null, "otherItems": null, "incomeTaxExpense": 95000000, "totalRevenue": 5237000000, "totalOperatingExpenses": 4852000000, "costOfRevenue": 3839000000, "totalOtherIncomeExpenseNet": 70000000, "discontinuedOperations": null, "netIncomeFromContinuingOps": 360000000, "netIncomeApplicableToCommonShares": 360000000}, "2021-12-31": {"researchDevelopment": null, "effectOfAccountingCharges": null, "incomeBeforeTax": 110000000, "minorityInterest": null, "netIncome": 107000000, "sellingGeneralAdministrative": 699000000, "grossProfit": 1427000000, "ebit": 418000000, "operatingIncome": 418000000, "otherOperatingExpenses": 33000000, "interestExpense": -76000000, "extraordinaryItems": null, "nonRecurring": null, "otherItems": null, "incomeTaxExpense": -5000000, "totalRevenue": 5086000000, "totalOperatingExpenses": 4668000000, "costOfRevenue": 3659000000, "totalOtherIncomeExpenseNet": -308000000, "discontinuedOperations": -8000000, "netIncomeFromContinuingOps": 115000000, "netIncomeApplicableToCommonShares": 107000000}, "2021-09-30": {"researchDevelopment": null, "effectOfAccountingCharges": null, "incomeBeforeTax": 1010000000, "minorityInterest": 1000000, "netIncome": 864000000, "sellingGeneralAdministrative": 829000000, "grossProfit": 1790000000, "ebit": 601000000, "operatingIncome": 601000000, "otherOperatingExpenses": 42000000, "interestExpense": -117000000, "extraordinaryItems": null, "nonRecurring": null, "otherItems": null, "incomeTaxExpense": 146000000, "totalRevenue": 5714000000, "totalOperatingExpenses": 5113000000, "costOfRevenue": 3924000000, "totalOtherIncomeExpenseNet": 409000000, "discontinuedOperations": -8000000, "netIncomeFromContinuingOps": 864000000, "netIncomeApplicableToCommonShares": 864000000}}}, "cash": {"annual": {"2021-12-31": {"investments": 908000000, "changeToLiabilities": 519000000, "totalCashflowsFromInvestingActivities": 6054000000, "netBorrowings": -5152000000, "totalCashFromFinancingActivities": -7375000000, "changeToOperatingActivities": -37000000, "netIncome": 1752000000, "changeInCash": 700000000, "repurchaseOfStock": -839000000, "effectOfExchangeRate": -9000000, "totalCashFromOperatingActivities": 2030000000, "depreciation": 1144000000, "otherCashflowsFromInvestingActivities": 4847000000, "dividendsPaid": -780000000, "changeToInventory": -263000000, "changeToAccountReceivables": -645000000, "otherCashflowsFromFinancingActivities": -474000000, "changeToNetincome": -440000000, "capitalExpenditures": -549000000}, "2020-12-31": {"investments": 500000000, "changeToLiabilities": 141000000, "totalCashflowsFromInvestingActivities": -269000000, "netBorrowings": -1660000000, "totalCashFromFinancingActivities": -2700000000, "changeToOperatingActivities": 54000000, "netIncome": 482000000, "changeInCash": 84000000, "repurchaseOfStock": -42000000, "effectOfExchangeRate": -8000000, "totalCashFromOperatingActivities": 3063000000, "depreciation": 1145000000, "otherCashflowsFromInvestingActivities": -1000000, "dividendsPaid": -806000000, "changeToInventory": 35000000, "changeToAccountReceivables": 94000000, "otherCashflowsFromFinancingActivities": -192000000, "changeToNetincome": 1112000000, "capitalExpenditures": -751000000}, "2019-12-31": {"investments": 500000000, "changeToLiabilities": 139000000, "totalCashflowsFromInvestingActivities": -1300000000, "netBorrowings": -1039000000, "totalCashFromFinancingActivities": -2389000000, "changeToOperatingActivities": -44000000, "netIncome": 1225000000, "changeInCash": -78000000, "repurchaseOfStock": -535000000, "effectOfExchangeRate": 1000000, "totalCashFromOperatingActivities": 3610000000, "depreciation": 1045000000, "otherCashflowsFromInvestingActivities": -20000000, "dividendsPaid": -796000000, "changeToInventory": -1000000, "changeToAccountReceivables": 248000000, "otherCashflowsFromFinancingActivities": -19000000, "changeToNetincome": 998000000, "capitalExpenditures": -1276000000}, "2018-12-31": {"investments": 500000000, "changeToLiabilities": 151000000, "totalCashflowsFromInvestingActivities": -1569000000, "netBorrowings": -519000000, "totalCashFromFinancingActivities": -2046000000, "changeToOperatingActivities": 20000000, "netIncome": 2012000000, "changeInCash": -429000000, "repurchaseOfStock": -732000000, "effectOfExchangeRate": -40000000, "totalCashFromOperatingActivities": 3226000000, "depreciation": 1259000000, "otherCashflowsFromInvestingActivities": -12000000, "dividendsPaid": -789000000, "changeToInventory": -236000000, "changeToAccountReceivables": -374000000, "otherCashflowsFromFinancingActivities": -6000000, "changeToNetincome": 394000000, "capitalExpenditures": -1572000000}}, "quarterly": {"2022-06-30": {"changeToLiabilities": 110000000, "totalCashflowsFromInvestingActivities": -37000000, "netBorrowings": -77000000, "totalCashFromFinancingActivities": -643000000, "changeToOperatingActivities": -49000000, "netIncome": 511000000, "changeInCash": -293000000, "repurchaseOfStock": -395000000, "effectOfExchangeRate": -3000000, "totalCashFromOperatingActivities": 390000000, "depreciation": 267000000, "otherCashflowsFromInvestingActivities": 143000000, "dividendsPaid": -170000000, "changeToInventory": -164000000, "changeToAccountReceivables": -145000000, "otherCashflowsFromFinancingActivities": -1000000, "changeToNetincome": -140000000, "capitalExpenditures": -186000000}, "2022-03-31": {"changeToLiabilities": 89000000, "totalCashflowsFromInvestingActivities": -180000000, "netBorrowings": 19000000, "totalCashFromFinancingActivities": -583000000, "changeToOperatingActivities": -11000000, "netIncome": 360000000, "changeInCash": -176000000, "repurchaseOfStock": -428000000, "effectOfExchangeRate": -1000000, "totalCashFromOperatingActivities": 588000000, "depreciation": 261000000, "otherCashflowsFromInvestingActivities": 143000000, "dividendsPaid": -174000000, "changeToInventory": 31000000, "changeToAccountReceivables": -260000000, "otherCashflowsFromFinancingActivities": -1000000, "changeToNetincome": 118000000, "capitalExpenditures": -185000000}, "2021-12-31": {"investments": 65000000, "changeToLiabilities": -197000000, "totalCashflowsFromInvestingActivities": -130000000, "netBorrowings": -1340000000, "totalCashFromFinancingActivities": -2301000000, "changeToOperatingActivities": -11000000, "netIncome": 107000000, "changeInCash": -2326000000, "repurchaseOfStock": -414000000, "effectOfExchangeRate": -2000000, "totalCashFromOperatingActivities": 107000000, "depreciation": 287000000, "otherCashflowsFromInvestingActivities": 143000000, "dividendsPaid": -178000000, "changeToInventory": -130000000, "changeToAccountReceivables": -61000000, "otherCashflowsFromFinancingActivities": -369000000, "changeToNetincome": 101000000, "capitalExpenditures": -201000000}, "2021-09-30": {"investments": 43000000, "changeToLiabilities": 349000000, "totalCashflowsFromInvestingActivities": 5598000000, "netBorrowings": -2904000000, "totalCashFromFinancingActivities": -3359000000, "changeToOperatingActivities": 10000000, "netIncome": 864000000, "changeInCash": 2915000000, "repurchaseOfStock": -212000000, "effectOfExchangeRate": -14000000, "totalCashFromOperatingActivities": 645000000, "depreciation": 308000000, "otherCashflowsFromInvestingActivities": 4849000000, "dividendsPaid": -199000000, "changeToInventory": -243000000, "changeToAccountReceivables": -26000000, "otherCashflowsFromFinancingActivities": -44000000, "changeToNetincome": -617000000, "capitalExpenditures": -126000000}}}}, "AVY": {"balance": {"annual": {"2022-01-01": {"intangibleAssets": 1034700000, "capitalSurplus": 862300000, "totalLiab": 6047200000, "totalStockholderEquity": 1924400000, "otherCurrentLiab": 405700000, "totalAssets": 7971600000, "commonStock": 124100000, "otherCurrentAssets": 206800000, "retainedEarnings": 3880700000, "otherLiab": 567800000, "goodWill": 1881500000, "treasuryStock": -2942700000, "otherAssets": 610800000, "cash": 162700000, "totalCurrentLiabilities": 2547900000, "deferredLongTermAssetCharges": 130200000, "otherStockholderEquity": -282900000, "propertyPlantEquipment": 1660700000, "totalCurrentAssets": 2734600000, "longTermInvestments": 49300000, "netTangibleAssets": -991800000, "shortTermInvestments": 33400000, "netReceivables": 1424500000, "longTermDebt": 2784500000, "inventory": 907200000, "accountsPayable": 1298800000}, "2021-01-02": {"intangibleAssets": 361300000, "capitalSurplus": 862100000, "totalLiab": 4599000000, "totalStockholderEquity": 1484900000, "otherCurrentLiab": 377900000, "totalAssets": 6083900000, "commonStock": 124100000, "otherCurrentAssets": 178900000, "retainedEarnings": 3349300000, "otherLiab": 468200000, "goodWill": 1136400000, "treasuryStock": -2850600000, "otherAssets": 643000000, "cash": 252300000, "totalCurrentLiabilities": 1926000000, "deferredLongTermAssetCharges": 197700000, "otherStockholderEquity": -349600000, "propertyPlantEquipment": 1505000000, "totalCurrentAssets": 2416200000, "longTermInvestments": 22000000, "netTangibleAssets": -12800000, "shortTermInvestments": 32600000, "netReceivables": 1235200000, "longTermDebt": 2065900000, "inventory": 717200000, "accountsPayable": 1050900000}, "2019-12-28": {"intangibleAssets": 279300000, "capitalSurplus": 874000000, "totalLiab": 4284800000, "totalStockholderEquity": 1204000000, "otherCurrentLiab": 343300000, "totalAssets": 5488800000, "commonStock": 124100000, "otherCurrentAssets": 181500000, "retainedEarnings": 2979100000, "otherLiab": 432800000, "goodWill": 930800000, "treasuryStock": -2773200000, "otherAssets": 580500000, "cash": 253700000, "totalCurrentLiabilities": 2253800000, "deferredLongTermAssetCharges": 225400000, "shortLongTermDebt": 265000000, "otherStockholderEquity": -348100000, "propertyPlantEquipment": 1348800000, "totalCurrentAssets": 2340600000, "longTermInvestments": 8800000, "netTangibleAssets": -6100000, "shortTermInvestments": 30200000, "netReceivables": 1212200000, "longTermDebt": 1475300000, "inventory": 663000000, "accountsPayable": 1066100000}, "2018-12-29": {"intangibleAssets": 279500000, "capitalSurplus": 872000000, "totalLiab": 4222400000, "totalStockholderEquity": 955100000, "otherCurrentLiab": 416200000, "totalAssets": 5177500000, "commonStock": 124100000, "otherCurrentAssets": 198800000, "retainedEarnings": 2864900000, "otherLiab": 456800000, "goodWill": 941800000, "treasuryStock": -2905900000, "otherAssets": 514100000, "cash": 232000000, "totalCurrentLiabilities": 1994000000, "deferredLongTermAssetCharges": 205300000, "otherStockholderEquity": -682000000, "propertyPlantEquipment": 1137400000, "totalCurrentAssets": 2298000000, "longTermInvestments": 6700000, "netTangibleAssets": -266200000, "netReceivables": 1189700000, "longTermDebt": 1771600000, "inventory": 651400000, "accountsPayable": 1030500000}}, "quarterly": {"2022-07-02": {"intangibleAssets": 882600000, "capitalSurplus": 855900000, "totalLiab": 6155500000, "totalStockholderEquity": 1936900000, "otherCurrentLiab": 627500000, "totalAssets": 8092400000, "commonStock": 124100000, "otherCurrentAssets": 197600000, "retainedEarnings": 4182000000, "otherLiab": 661600000, "goodWill": 1856000000, "treasuryStock": -3225100000, "otherAssets": 881600000, "cash": 164800000, "totalCurrentLiabilities": 3000500000, "deferredLongTermAssetCharges": 119900000, "otherStockholderEquity": -311100000, "propertyPlantEquipment": 1451000000, "totalCurrentAssets": 2948800000, "longTermInvestments": 72400000, "netTangibleAssets": -801700000, "shortTermInvestments": 31200000, "netReceivables": 1565100000, "longTermDebt": 2493400000, "inventory": 990100000, "accountsPayable": 1410900000}, "2022-04-02": {"intangibleAssets": 2800800000, "capitalSurplus": 844600000, "totalLiab": 6206300000, "totalStockholderEquity": 1932500000, "otherCurrentLiab": 855800000, "totalAssets": 8138800000, "commonStock": 124100000, "otherCurrentAssets": 234900000, "retainedEarnings": 4023200000, "otherLiab": 709300000, "goodWill": 1890000000, "treasuryStock": -3059400000, "otherAssets": 966200000, "cash": 147100000, "totalCurrentLiabilities": 2723200000, "deferredLongTermAssetCharges": 128800000, "otherStockholderEquity": -260000000, "propertyPlantEquipment": 1477500000, "totalCurrentAssets": 2894300000, "longTermInvestments": 55800000, "netTangibleAssets": -868300000, "shortTermInvestments": 32100000, "netReceivables": 1551400000, "longTermDebt": 2773800000, "inventory": 960900000, "accountsPayable": 1372500000}, "2022-01-01": {"intangibleAssets": 1034700000, "capitalSurplus": 862300000, "totalLiab": 6047200000, "totalStockholderEquity": 1924400000, "otherCurrentLiab": 405700000, "totalAssets": 7971600000, "commonStock": 124100000, "otherCurrentAssets": 206800000, "retainedEarnings": 3880700000, "otherLiab": 567800000, "goodWill": 1881500000, "treasuryStock": -2942700000, "otherAssets": 610800000, "cash": 162700000, "totalCurrentLiabilities": 2547900000, "deferredLongTermAssetCharges": 130200000, "otherStockholderEquity": -282900000, "propertyPlantEquipment": 1660700000, "totalCurrentAssets": 2734600000, "longTermInvestments": 49300000, "netTangibleAssets": -991800000, "shortTermInvestments": 33400000, "netReceivables": 1424500000, "longTermDebt": 2784500000, "inventory": 907200000, "accountsPayable": 1298800000}, "2021-10-02": {"intangibleAssets": 931500000, "capitalSurplus": 854800000, "totalLiab": 6168500000, "totalStockholderEquity": 1799200000, "otherCurrentLiab": 656800000, "totalAssets": 7967700000, "commonStock": 124100000, "otherCurrentAssets": 217500000, "retainedEarnings": 3749700000, "otherLiab": 740000000, "goodWill": 1896700000, "treasuryStock": -2929400000, "otherAssets": 955500000, "cash": 207200000, "totalCurrentLiabilities": 2609400000, "deferredLongTermAssetCharges": 152700000, "otherStockholderEquity": -323000000, "propertyPlantEquipment": 1405500000, "totalCurrentAssets": 2778500000, "netTangibleAssets": -1029000000, "shortTermInvestments": 33500000, "netReceivables": 1441200000, "longTermDebt": 2819100000, "inventory": 879100000, "accountsPayable": 1268200000}}}, "income": {"annual": {"2022-01-01": {"researchDevelopment": 136600000, "effectOfAccountingCharges": null, "incomeBeforeTax": 988700000, "minorityInterest": null, "netIncome": 740100000, "sellingGeneralAdministrative": 1128400000, "grossProfit": 2312800000, "ebit": 1047800000, "operatingIncome": 1047800000, "otherOperatingExpenses": null, "interestExpense": -70200000, "extraordinaryItems": null, "nonRecurring": null, "otherItems": null, "incomeTaxExpense": 248600000, "totalRevenue": 8408300000, "totalOperatingExpenses": 7360500000, "costOfRevenue": 6095500000, "totalOtherIncomeExpenseNet": -59100000, "discontinuedOperations": null, "netIncomeFromContinuingOps": 740100000, "netIncomeApplicableToCommonShares": 740100000}, "2021-01-02": {"researchDevelopment": 112800000, "effectOfAccountingCharges": null, "incomeBeforeTax": 733600000, "minorityInterest": null, "netIncome": 555900000, "sellingGeneralAdministrative": 936900000, "grossProfit": 1923300000, "ebit": 873600000, "operatingIncome": 873600000, "otherOperatingExpenses": null, "interestExpense": -70000000, "extraordinaryItems": null, "nonRecurring": null, "otherItems": null, "incomeTaxExpense": 177700000, "totalRevenue": 6971500000, "totalOperatingExpenses": 6097900000, "costOfRevenue": 5048200000, "totalOtherIncomeExpenseNet": -140000000, "discontinuedOperations": null, "netIncomeFromContinuingOps": 555900000, "netIncomeApplicableToCommonShares": 555900000}, "2019-12-28": {"researchDevelopment": 92600000, "effectOfAccountingCharges": null, "incomeBeforeTax": 246900000, "minorityInterest": null, "netIncome": 303600000, "sellingGeneralAdministrative": 994400000, "grossProfit": 1904100000, "ebit": 817100000, "operatingIncome": 817100000, "otherOperatingExpenses": null, "interestExpense": -75800000, "extraordinaryItems": null, "nonRecurring": null, "otherItems": null, "incomeTaxExpense": -56700000, "totalRevenue": 7070100000, "totalOperatingExpenses": 6253000000, "costOfRevenue": 5166000000, "totalOtherIncomeExpenseNet": -570200000, "discontinuedOperations": null, "netIncomeFromContinuingOps": 303600000, "netIncomeApplicableToCommonShares": 303600000}, "2018-12-29": {"researchDevelopment": 98200000, "effectOfAccountingCharges": null, "incomeBeforeTax": 552800000, "minorityInterest": null, "netIncome": 467400000, "sellingGeneralAdministrative": 1015200000, "grossProfit": 1915500000, "ebit": 802100000, "operatingIncome": 802100000, "otherOperatingExpenses": null, "interestExpense": -58500000, "extraordinaryItems": null, "nonRecurring": null, "otherItems": null, "incomeTaxExpense": 85400000, "totalRevenue": 7159000000, "totalOperatingExpenses": 6356900000, "costOfRevenue": 5243500000, "totalOtherIncomeExpenseNet": -249300000, "discontinuedOperations": null, "netIncomeFromContinuingOps": 467400000, "netIncomeApplicableToCommonShares": 467400000}}, "quarterly": {"2022-07-02": {"researchDevelopment": null, "effectOfAccountingCharges": null, "incomeBeforeTax": 287900000, "minorityInterest": null, "netIncome": 214500000, "sellingGeneralAdministrative": 332700000, "grossProfit": 643500000, "ebit": 310800000, "operatingIncome": 310800000, "otherOperatingExpenses": null, "interestExpense": -20800000, "extraordinaryItems": null, "nonRecurring": null, "otherItems": null, "incomeTaxExpense": 73400000, "totalRevenue": 2347000000, "totalOperatingExpenses": 2036200000, "costOfRevenue": 1703500000, "totalOtherIncomeExpenseNet": -22900000, "discontinuedOperations": null, "netIncomeFromContinuingOps": 214500000, "netIncomeApplicableToCommonShares": 214500000}, "2022-04-02": {"researchDevelopment": null, "effectOfAccountingCharges": null, "incomeBeforeTax": 269700000, "minorityInterest": null, "netIncome": 198200000, "sellingGeneralAdministrative": 355000000, "grossProfit": 641300000, "ebit": 286300000, "operatingIncome": 286300000, "otherOperatingExpenses": null, "interestExpense": -19600000, "extraordinaryItems": null, "nonRecurring": null, "otherItems": null, "incomeTaxExpense": 71500000, "totalRevenue": 2349300000, "totalOperatingExpenses": 2063000000, "costOfRevenue": 1708000000, "totalOtherIncomeExpenseNet": -16600000, "discontinuedOperations": null, "netIncomeFromContinuingOps": 198200000, "netIncomeApplicableToCommonShares": 198200000}, "2022-01-01": {"researchDevelopment": 136600000, "effectOfAccountingCharges": null, "incomeBeforeTax": 243600000, "minorityInterest": null, "netIncome": 182700000, "sellingGeneralAdministrative": 212200000, "grossProfit": 585100000, "ebit": 236300000, "operatingIncome": 236300000, "otherOperatingExpenses": null, "interestExpense": -20000000, "extraordinaryItems": null, "nonRecurring": null, "otherItems": null, "incomeTaxExpense": 60900000, "totalRevenue": 2183200000, "totalOperatingExpenses": 1946900000, "costOfRevenue": 1598100000, "totalOtherIncomeExpenseNet": 7300000, "discontinuedOperations": null, "netIncomeFromContinuingOps": 182700000, "netIncomeApplicableToCommonShares": 182700000}, "2021-10-02": {"researchDevelopment": 136600000, "effectOfAccountingCharges": null, "incomeBeforeTax": 223300000, "minorityInterest": null, "netIncome": 164100000, "sellingGeneralAdministrative": 296900000, "grossProfit": 554400000, "ebit": 257500000, "operatingIncome": 257500000, "otherOperatingExpenses": null, "interestExpense": -18000000, "extraordinaryItems": null, "nonRecurring": null, "otherItems": null, "incomeTaxExpense": 59200000, "totalRevenue": 2071800000, "totalOperatingExpenses": 1814300000, "costOfRevenue": 1517400000, "totalOtherIncomeExpenseNet": -34200000, "discontinuedOperations": null, "netIncomeFromContinuingOps": 164100000, "netIncomeApplicableToCommonShares": 164100000}}}, "cash": {"annual": {"2022-01-01": {"changeToLiabilities": 255200000, "totalCashflowsFromInvestingActivities": -1737900000, "netBorrowings": 1037500000, "totalCashFromFinancingActivities": 604300000, "changeToOperatingActivities": 23400000, "netIncome": 740100000, "changeInCash": -89600000, "repurchaseOfStock": -206300000, "effectOfExchangeRate": -2800000, "totalCashFromOperatingActivities": 1046800000, "depreciation": 214000000, "otherCashflowsFromInvestingActivities": 3100000, "dividendsPaid": -220600000, "changeToInventory": -182700000, "changeToAccountReceivables": -113200000, "otherCashflowsFromFinancingActivities": -6300000, "changeToNetincome": 87200000, "capitalExpenditures": -255000000}, "2021-01-02": {"changeToLiabilities": -68200000, "totalCashflowsFromInvestingActivities": -554200000, "netBorrowings": 113100000, "totalCashFromFinancingActivities": -207700000, "changeToOperatingActivities": -57900000, "netIncome": 555900000, "changeInCash": -1400000, "repurchaseOfStock": -124000000, "effectOfExchangeRate": 9200000, "totalCashFromOperatingActivities": 751300000, "depreciation": 176300000, "otherCashflowsFromInvestingActivities": 5600000, "dividendsPaid": -196800000, "changeToInventory": -6000000, "changeToAccountReceivables": 14700000, "otherCashflowsFromFinancingActivities": -6300000, "changeToNetincome": 142700000, "capitalExpenditures": -201400000}, "2019-12-28": {"investments": -6500000, "changeToLiabilities": 46400000, "totalCashflowsFromInvestingActivities": -251000000, "netBorrowings": -23900000, "totalCashFromFinancingActivities": -470300000, "changeToOperatingActivities": -76300000, "netIncome": 303600000, "changeInCash": 21700000, "repurchaseOfStock": -255100000, "effectOfExchangeRate": -3500000, "totalCashFromOperatingActivities": 746500000, "depreciation": 158200000, "otherCashflowsFromInvestingActivities": 4900000, "dividendsPaid": -189700000, "changeToInventory": -18100000, "changeToAccountReceivables": -42200000, "otherCashflowsFromFinancingActivities": -1600000, "changeToNetincome": 348700000, "capitalExpenditures": -219400000}, "2018-12-29": {"investments": -3800000, "changeToLiabilities": 43600000, "totalCashflowsFromInvestingActivities": -232500000, "netBorrowings": 409300000, "totalCashFromFinancingActivities": -208100000, "changeToOperatingActivities": -266900000, "issuanceOfStock": 900000, "netIncome": 467400000, "changeInCash": 7600000, "repurchaseOfStock": -425100000, "effectOfExchangeRate": -9700000, "totalCashFromOperatingActivities": 457900000, "depreciation": 160800000, "otherCashflowsFromInvestingActivities": 18500000, "dividendsPaid": -175000000, "changeToInventory": -70500000, "changeToAccountReceivables": -62500000, "otherCashflowsFromFinancingActivities": -17300000, "changeToNetincome": 201300000, "capitalExpenditures": -226700000}}, "quarterly": {"2022-07-02": {"changeToLiabilities": 0, "totalCashflowsFromInvestingActivities": -63000000, "netBorrowings": -4000000, "totalCashFromFinancingActivities": -182600000, "changeToOperatingActivities": -55300000, "netIncome": 214500000, "changeInCash": 17700000, "repurchaseOfStock": -117400000, "effectOfExchangeRate": -4900000, "totalCashFromOperatingActivities": 268200000, "depreciation": 73200000, "otherCashflowsFromInvestingActivities": 200000, "dividendsPaid": -61200000, "changeToNetincome": 35800000, "capitalExpenditures": -57100000}, "2022-04-02": {"changeToLiabilities": 0, "totalCashflowsFromInvestingActivities": -86600000, "netBorrowings": 177500000, "totalCashFromFinancingActivities": -55100000, "changeToOperatingActivities": -179600000, "netIncome": 198200000, "changeInCash": -15600000, "repurchaseOfStock": -176400000, "effectOfExchangeRate": -100000, "totalCashFromOperatingActivities": 126200000, "depreciation": 72000000, "otherCashflowsFromInvestingActivities": 1800000, "dividendsPaid": -56200000, "changeToNetincome": 35600000, "capitalExpenditures": -49700000}, "2022-01-01": {"changeToLiabilities": 255200000, "totalCashflowsFromInvestingActivities": -132200000, "netBorrowings": -78400000, "totalCashFromFinancingActivities": -195800000, "changeToOperatingActivities": 59900000, "netIncome": 182700000, "changeInCash": -44500000, "repurchaseOfStock": -54800000, "effectOfExchangeRate": -500000, "totalCashFromOperatingActivities": 284000000, "depreciation": 42500000, "otherCashflowsFromInvestingActivities": 1900000, "dividendsPaid": -56300000, "changeToInventory": -182700000, "changeToAccountReceivables": -113200000, "otherCashflowsFromFinancingActivities": -6300000, "changeToNetincome": 16800000, "capitalExpenditures": -124400000}, "2021-10-02": {"changeToLiabilities": 0, "totalCashflowsFromInvestingActivities": -1489800000, "netBorrowings": 1155200000, "totalCashFromFinancingActivities": 1067700000, "changeToOperatingActivities": 50400000, "netIncome": 164100000, "changeInCash": -137600000, "repurchaseOfStock": -31200000, "effectOfExchangeRate": -1500000, "totalCashFromOperatingActivities": 286000000, "depreciation": 61900000, "otherCashflowsFromInvestingActivities": 800000, "dividendsPaid": -56300000, "changeToInventory": -182700000, "changeToAccountReceivables": -113200000, "otherCashflowsFromFinancingActivities": -6300000, "changeToNetincome": 9600000, "capitalExpenditures": -46800000}}}}, "PKG": {"balance": {"annual": {"2021-12-31": {"intangibleAssets": 311700000, "capitalSurplus": 579400000, "totalLiab": 4229600000, "totalStockholderEquity": 3607200000, "deferredLongTermLiab": 21000000, "otherCurrentLiab": 96300000, "totalAssets": 7836800000, "commonStock": 900000, "retainedEarnings": 3102100000, "otherLiab": 681300000, "goodWill": 923500000, "treasuryStock": -75200000, "otherAssets": 41600000, "cash": 618700000, "totalCurrentLiabilities": 884800000, "otherStockholderEquity": -75200000, "propertyPlantEquipment": 3767300000, "totalCurrentAssets": 2732700000, "longTermInvestments": 60000000, "netTangibleAssets": 2372000000, "shortTermInvestments": 86100000, "netReceivables": 1078400000, "longTermDebt": 2471500000, "inventory": 902500000, "accountsPayable": 452400000}, "2020-12-31": {"intangibleAssets": 300700000, "capitalSurplus": 554400000, "totalLiab": 4186900000, "totalStockholderEquity": 3246300000, "deferredLongTermLiab": 20300000, "otherCurrentLiab": 97000000, "totalAssets": 7433200000, "commonStock": 900000, "retainedEarnings": 2835500000, "otherLiab": 736900000, "goodWill": 863500000, "treasuryStock": -144500000, "otherAssets": 48400000, "cash": 974600000, "totalCurrentLiabilities": 782600000, "otherStockholderEquity": -144500000, "propertyPlantEquipment": 3427600000, "totalCurrentAssets": 2750300000, "longTermInvestments": 42700000, "netTangibleAssets": 2082100000, "shortTermInvestments": 105600000, "netReceivables": 837500000, "longTermDebt": 2479400000, "inventory": 787900000, "accountsPayable": 387000000}, "2019-12-31": {"intangibleAssets": 340200000, "capitalSurplus": 524800000, "totalLiab": 4164800000, "totalStockholderEquity": 3071000000, "deferredLongTermLiab": 21600000, "otherCurrentLiab": 76600000, "totalAssets": 7235800000, "commonStock": 900000, "retainedEarnings": 2704800000, "otherLiab": 770600000, "goodWill": 918700000, "treasuryStock": -159500000, "otherAssets": 54400000, "cash": 679500000, "totalCurrentLiabilities": 723800000, "otherStockholderEquity": -159500000, "propertyPlantEquipment": 3386000000, "totalCurrentAssets": 2478400000, "longTermInvestments": 58100000, "netTangibleAssets": 1812100000, "shortTermInvestments": 87900000, "netReceivables": 872100000, "longTermDebt": 2476800000, "inventory": 794100000, "accountsPayable": 351900000}, "2018-12-31": {"intangibleAssets": 379800000, "capitalSurplus": 494500000, "totalLiab": 3897300000, "totalStockholderEquity": 2672400000, "deferredLongTermLiab": 22400000, "otherCurrentLiab": 76100000, "totalAssets": 6569700000, "commonStock": 900000, "retainedEarnings": 2315800000, "otherLiab": 702400000, "goodWill": 917300000, "treasuryStock": -138800000, "otherAssets": 48900000, "cash": 361500000, "totalCurrentLiabilities": 693600000, "otherStockholderEquity": -138800000, "propertyPlantEquipment": 3108600000, "totalCurrentAssets": 2115100000, "netTangibleAssets": 1375300000, "netReceivables": 918600000, "longTermDebt": 2483700000, "inventory": 795600000, "accountsPayable": 382200000}}, "quarterly": {"2022-06-30": {"intangibleAssets": 287300000, "capitalSurplus": 601000000, "totalLiab": 4376100000, "totalStockholderEquity": 3964500000, "otherCurrentLiab": 125200000, "totalAssets": 8340600000, "commonStock": 900000, "retainedEarnings": 3437000000, "otherLiab": 708000000, "goodWill": 922500000, "treasuryStock": -74400000, "otherAssets": 42500000, "cash": 667300000, "totalCurrentLiabilities": 972900000, "otherStockholderEquity": -74400000, "propertyPlantEquipment": 4036700000, "totalCurrentAssets": 2990400000, "longTermInvestments": 61200000, "netTangibleAssets": 2754700000, "shortTermInvestments": 82300000, "netReceivables": 1212000000, "longTermDebt": 2472600000, "inventory": 954200000, "accountsPayable": 528200000}, "2022-03-31": {"intangibleAssets": 298200000, "capitalSurplus": 591700000, "totalLiab": 4358500000, "totalStockholderEquity": 3607200000, "otherCurrentLiab": 135100000, "totalAssets": 8137800000, "commonStock": 900000, "retainedEarnings": 3261900000, "otherLiab": 703800000, "goodWill": 923100000, "treasuryStock": -75200000, "otherAssets": 43500000, "cash": 628600000, "totalCurrentLiabilities": 967900000, "otherStockholderEquity": -75200000, "propertyPlantEquipment": 3935100000, "totalCurrentAssets": 2869400000, "longTermInvestments": 68500000, "netTangibleAssets": 2372000000, "shortTermInvestments": 81300000, "netReceivables": 1140700000, "longTermDebt": 2472000000, "inventory": 941200000, "accountsPayable": 546700000}, "2021-12-31": {"intangibleAssets": 311700000, "capitalSurplus": 579400000, "totalLiab": 4229600000, "totalStockholderEquity": 3607200000, "deferredLongTermLiab": 21000000, "otherCurrentLiab": 96300000, "totalAssets": 7836800000, "commonStock": 900000, "retainedEarnings": 3102100000, "otherLiab": 681300000, "goodWill": 923500000, "treasuryStock": -75200000, "otherAssets": 41600000, "cash": 618700000, "totalCurrentLiabilities": 884800000, "otherStockholderEquity": -75200000, "propertyPlantEquipment": 3767300000, "totalCurrentAssets": 2732700000, "longTermInvestments": 60000000, "netTangibleAssets": 2372000000, "shortTermInvestments": 86100000, "netReceivables": 1078400000, "longTermDebt": 2471500000, "inventory": 902500000, "accountsPayable": 452400000}, "2021-09-30": {"intangibleAssets": 267700000, "capitalSurplus": 581300000, "totalLiab": 5022500000, "totalStockholderEquity": 3608300000, "otherCurrentLiab": 97300000, "totalAssets": 8630800000, "commonStock": 1000000, "retainedEarnings": 3162800000, "otherLiab": 722400000, "goodWill": 863500000, "treasuryStock": -136800000, "otherAssets": 45800000, "cash": 1702900000, "totalCurrentLiabilities": 1644400000, "shortLongTermDebt": 698100000, "otherStockholderEquity": -136800000, "propertyPlantEquipment": 3591200000, "totalCurrentAssets": 3804800000, "longTermInvestments": 57800000, "netTangibleAssets": 2477100000, "shortTermInvestments": 88300000, "netReceivables": 1078100000, "longTermDebt": 2471100000, "inventory": 880100000, "accountsPayable": 499100000}}}, "income": {"annual": {"2021-12-31": {"researchDevelopment": null, "effectOfAccountingCharges": null, "incomeBeforeTax": 1108700000, "minorityInterest": null, "netIncome": 841100000, "sellingGeneralAdministrative": 557100000, "grossProfit": 1880000000, "ebit": 1310000000, "operatingIncome": 1310000000, "otherOperatingExpenses": 12900000, "interestExpense": -93400000, "extraordinaryItems": null, "nonRecurring": null, "otherItems": null, "incomeTaxExpense": 267600000, "totalRevenue": 7730300000, "totalOperatingExpenses": 6420300000, "costOfRevenue": 5850300000, "totalOtherIncomeExpenseNet": -201300000, "discontinuedOperations": null, "netIncomeFromContinuingOps": 841100000, "netIncomeApplicableToCommonShares": 834700000}, "2020-12-31": {"researchDevelopment": null, "effectOfAccountingCharges": null, "incomeBeforeTax": 632700000, "minorityInterest": null, "netIncome": 461000000, "sellingGeneralAdministrative": 537300000, "grossProfit": 1390400000, "ebit": 848000000, "operatingIncome": 848000000, "otherOperatingExpenses": 5100000, "interestExpense": -93500000, "extraordinaryItems": null, "nonRecurring": null, "otherItems": null, "incomeTaxExpense": 171700000, "totalRevenue": 6658200000, "totalOperatingExpenses": 5810200000, "costOfRevenue": 5267800000, "totalOtherIncomeExpenseNet": -215300000, "discontinuedOperations": null, "netIncomeFromContinuingOps": 461000000, "netIncomeApplicableToCommonShares": 457400000}, "2019-12-31": {"researchDevelopment": null, "effectOfAccountingCharges": null, "incomeBeforeTax": 917000000, "minorityInterest": null, "netIncome": 696400000, "sellingGeneralAdministrative": 565500000, "grossProfit": 1644000000, "ebit": 1071800000, "operatingIncome": 1071800000, "otherOperatingExpenses": 6700000, "interestExpense": -85000000, "extraordinaryItems": null, "nonRecurring": null, "otherItems": null, "incomeTaxExpense": 220600000, "totalRevenue": 6964300000, "totalOperatingExpenses": 5892500000, "costOfRevenue": 5320300000, "totalOtherIncomeExpenseNet": -154800000, "discontinuedOperations": null, "netIncomeFromContinuingOps": 696400000, "netIncomeApplicableToCommonShares": 691200000}, "2018-12-31": {"researchDevelopment": null, "effectOfAccountingCharges": null, "incomeBeforeTax": 970500000, "minorityInterest": null, "netIncome": 738000000, "sellingGeneralAdministrative": 538500000, "grossProfit": 1645300000, "ebit": 1100100000, "operatingIncome": 1100100000, "otherOperatingExpenses": 6700000, "interestExpense": -89800000, "extraordinaryItems": null, "nonRecurring": null, "otherItems": null, "incomeTaxExpense": 232500000, "totalRevenue": 7014600000, "totalOperatingExpenses": 5914500000, "costOfRevenue": 5369300000, "totalOtherIncomeExpenseNet": -129600000, "discontinuedOperations": null, "netIncomeFromContinuingOps": 738000000, "netIncomeApplicableToCommonShares": 732300000}}, "quarterly": {"2022-06-30": {"researchDevelopment": null, "effectOfAccountingCharges": null, "incomeBeforeTax": 400600000, "minorityInterest": null, "netIncome": 301500000, "sellingGeneralAdministrative": 153100000, "grossProfit": 590800000, "ebit": 436400000, "operatingIncome": 436400000, "otherOperatingExpenses": 1300000, "interestExpense": -18800000, "extraordinaryItems": null, "nonRecurring": null, "otherItems": null, "incomeTaxExpense": 99100000, "totalRevenue": 2237300000, "totalOperatingExpenses": 1800900000, "costOfRevenue": 1646500000, "totalOtherIncomeExpenseNet": -35800000, "discontinuedOperations": null, "netIncomeFromContinuingOps": 301500000, "netIncomeApplicableToCommonShares": 298900000}, "2022-03-31": {"researchDevelopment": null, "effectOfAccountingCharges": null, "incomeBeforeTax": 340300000, "minorityInterest": null, "netIncome": 254200000, "sellingGeneralAdministrative": 157500000, "grossProfit": 533200000, "ebit": 374600000, "operatingIncome": 374600000, "otherOperatingExpenses": 15600000, "interestExpense": -19800000, "extraordinaryItems": null, "nonRecurring": null, "otherItems": null, "incomeTaxExpense": 86100000, "totalRevenue": 2136400000, "totalOperatingExpenses": 1761800000, "costOfRevenue": 1603200000, "totalOtherIncomeExpenseNet": -34300000, "discontinuedOperations": null, "netIncomeFromContinuingOps": 254200000, "netIncomeApplicableToCommonShares": 252200000}, "2021-12-31": {"researchDevelopment": null, "effectOfAccountingCharges": null, "incomeBeforeTax": 280400000, "minorityInterest": null, "netIncome": 216500000, "sellingGeneralAdministrative": 136200000, "grossProfit": 510900000, "ebit": 372800000, "operatingIncome": 372800000, "otherOperatingExpenses": 1900000, "interestExpense": -21200000, "extraordinaryItems": null, "nonRecurring": null, "otherItems": null, "incomeTaxExpense": 63900000, "totalRevenue": 2043200000, "totalOperatingExpenses": 1670400000, "costOfRevenue": 1532300000, "totalOtherIncomeExpenseNet": -92400000, "discontinuedOperations": null, "netIncomeFromContinuingOps": 216500000, "netIncomeApplicableToCommonShares": 215000000}, "2021-09-30": {"researchDevelopment": null, "effectOfAccountingCharges": null, "incomeBeforeTax": 333900000, "minorityInterest": null, "netIncome": 250700000, "sellingGeneralAdministrative": 139500000, "grossProfit": 513700000, "ebit": 371100000, "operatingIncome": 371100000, "otherOperatingExpenses": 3100000, "interestExpense": -23900000, "extraordinaryItems": null, "nonRecurring": null, "otherItems": null, "incomeTaxExpense": 83200000, "totalRevenue": 2000100000, "totalOperatingExpenses": 1629000000, "costOfRevenue": 1486400000, "totalOtherIncomeExpenseNet": -37200000, "discontinuedOperations": null, "netIncomeFromContinuingOps": 250700000, "netIncomeApplicableToCommonShares": 249000000}}}, "cash": {"annual": {"2021-12-31": {"investments": -500000, "changeToLiabilities": 12200000, "totalCashflowsFromInvestingActivities": -794400000, "netBorrowings": -67500000, "totalCashFromFinancingActivities": -655600000, "changeToOperatingActivities": 35200000, "netIncome": 841100000, "changeInCash": -355900000, "repurchaseOfStock": -205900000, "totalCashFromOperatingActivities": 1094100000, "depreciation": 409200000, "otherCashflowsFromInvestingActivities": -1800000, "dividendsPaid": -379800000, "changeToInventory": -105500000, "changeToAccountReceivables": -227200000, "otherCashflowsFromFinancingActivities": -2400000, "changeToNetincome": 123200000, "capitalExpenditures": -605100000}, "2020-12-31": {"investments": -3100000, "changeToLiabilities": 39700000, "totalCashflowsFromInvestingActivities": -426100000, "netBorrowings": -1500000, "totalCashFromFinancingActivities": -311600000, "changeToOperatingActivities": -2800000, "netIncome": 461000000, "changeInCash": 295100000, "repurchaseOfStock": -10500000, "totalCashFromOperatingActivities": 1032800000, "depreciation": 396700000, "otherCashflowsFromInvestingActivities": -6400000, "dividendsPaid": -299600000, "changeToInventory": 6300000, "changeToAccountReceivables": 13200000, "otherCashflowsFromFinancingActivities": -2400000, "changeToNetincome": 90500000, "capitalExpenditures": -421200000}, "2019-12-31": {"investments": -146100000, "changeToLiabilities": -32400000, "totalCashflowsFromInvestingActivities": -546600000, "netBorrowings": -34400000, "totalCashFromFinancingActivities": -342800000, "changeToOperatingActivities": -7000000, "netIncome": 696400000, "changeInCash": 318000000, "repurchaseOfStock": -8200000, "totalCashFromOperatingActivities": 1207400000, "depreciation": 383600000, "otherCashflowsFromInvestingActivities": -5100000, "dividendsPaid": -298700000, "changeToInventory": 1400000, "changeToAccountReceivables": 56400000, "otherCashflowsFromFinancingActivities": -1500000, "changeToNetincome": 91100000, "capitalExpenditures": -399500000}, "2018-12-31": {"investments": -146100000, "changeToLiabilities": -17600000, "totalCashflowsFromInvestingActivities": -608200000, "netBorrowings": -151300000, "totalCashFromFinancingActivities": -427300000, "changeToOperatingActivities": 3400000, "netIncome": 738000000, "changeInCash": 144600000, "repurchaseOfStock": -7900000, "totalCashFromOperatingActivities": 1180100000, "depreciation": 386700000, "otherCashflowsFromInvestingActivities": -2000000, "dividendsPaid": -268100000, "changeToInventory": -35600000, "changeToAccountReceivables": -56100000, "otherCashflowsFromFinancingActivities": -1500000, "changeToNetincome": 90000000, "capitalExpenditures": -551400000}}, "quarterly": {"2022-06-30": {"investments": 5500000, "changeToLiabilities": -38500000, "totalCashflowsFromInvestingActivities": -176900000, "netBorrowings": -500000, "totalCashFromFinancingActivities": -103400000, "changeToOperatingActivities": 36900000, "netIncome": 301500000, "changeInCash": 38700000, "repurchaseOfStock": -9300000, "totalCashFromOperatingActivities": 319000000, "depreciation": 113700000, "otherCashflowsFromInvestingActivities": 1700000, "dividendsPaid": -93600000, "changeToInventory": -12900000, "changeToAccountReceivables": -71300000, "changeToNetincome": 22400000, "capitalExpenditures": -184300000}, "2022-03-31": {"investments": -5800000, "changeToLiabilities": 63600000, "totalCashflowsFromInvestingActivities": -221200000, "netBorrowings": -400000, "totalCashFromFinancingActivities": -94200000, "changeToOperatingActivities": -82500000, "netIncome": 254200000, "changeInCash": 9900000, "repurchaseOfStock": -200000, "totalCashFromOperatingActivities": 325300000, "depreciation": 108600000, "otherCashflowsFromInvestingActivities": -2400000, "dividendsPaid": -93600000, "changeToInventory": -38800000, "changeToAccountReceivables": -69600000, "changeToNetincome": 43700000, "capitalExpenditures": -213200000}, "2021-12-31": {"investments": -900000, "changeToLiabilities": -10100000, "totalCashflowsFromInvestingActivities": -429400000, "netBorrowings": -762600000, "totalCashFromFinancingActivities": -1045500000, "changeToOperatingActivities": -6500000, "netIncome": 216500000, "changeInCash": -1084200000, "repurchaseOfStock": -194000000, "totalCashFromOperatingActivities": 390700000, "depreciation": 101700000, "otherCashflowsFromInvestingActivities": -2400000, "dividendsPaid": -95000000, "changeToInventory": -13200000, "changeToAccountReceivables": 7100000, "otherCashflowsFromFinancingActivities": 6100000, "changeToNetincome": 85200000, "capitalExpenditures": -238900000}, "2021-09-30": {"investments": 4900000, "changeToLiabilities": 25000000, "totalCashflowsFromInvestingActivities": -144800000, "netBorrowings": 695900000, "totalCashFromFinancingActivities": 591900000, "changeToOperatingActivities": 61000000, "netIncome": 250700000, "changeInCash": 730700000, "repurchaseOfStock": -1400000, "totalCashFromOperatingActivities": 283600000, "depreciation": 104100000, "otherCashflowsFromInvestingActivities": -200000, "dividendsPaid": -95000000, "changeToInventory": -52900000, "changeToAccountReceivables": -85300000, "otherCashflowsFromFinancingActivities": -7600000, "changeToNetincome": -7800000, "capitalExpenditures": -149700000}}}}, "WRK": {"balance": {"annual": {"2021-09-30": {"intangibleAssets": 3318800000, "capitalSurplus": 11058800000, "totalLiab": 17562600000, "totalStockholderEquity": 11670300000, "minorityInterest": 21400000, "deferredLongTermLiab": 110700000, "otherCurrentLiab": 513800000, "totalAssets": 29254300000, "commonStock": 2700000, "otherCurrentAssets": 409400000, "retainedEarnings": 1607900000, "otherLiab": 5355300000, "goodWill": 5959200000, "treasuryStock": -999100000, "otherAssets": 2617300000, "cash": 290900000, "totalCurrentLiabilities": 3644100000, "deferredLongTermAssetCharges": 25800000, "shortLongTermDebt": 160100000, "otherStockholderEquity": -999100000, "propertyPlantEquipment": 11246100000, "totalCurrentAssets": 5659600000, "longTermInvestments": 453300000, "netTangibleAssets": 2392300000, "netReceivables": 2786000000, "longTermDebt": 7769900000, "inventory": 2173300000, "accountsPayable": 2123700000}, "2020-09-30": {"intangibleAssets": 3667200000, "capitalSurplus": 10916300000, "totalLiab": 18130900000, "totalStockholderEquity": 10630600000, "minorityInterest": 18200000, "deferredLongTermLiab": 118200000, "otherCurrentLiab": 472400000, "totalAssets": 28779700000, "commonStock": 2600000, "otherCurrentAssets": 341700000, "retainedEarnings": 1031600000, "otherLiab": 5448500000, "goodWill": 5962200000, "treasuryStock": -1319900000, "otherAssets": 2338500000, "cash": 251100000, "totalCurrentLiabilities": 2928900000, "deferredLongTermAssetCharges": 33800000, "shortLongTermDebt": 213900000, "otherStockholderEquity": -1319900000, "propertyPlantEquipment": 11437500000, "totalCurrentAssets": 4944700000, "longTermInvestments": 429600000, "netTangibleAssets": 1001200000, "netReceivables": 2328500000, "longTermDebt": 8941900000, "inventory": 2023400000, "accountsPayable": 1674200000}, "2019-09-30": {"intangibleAssets": 4059500000, "capitalSurplus": 10739400000, "totalLiab": 18470600000, "totalStockholderEquity": 11669900000, "minorityInterest": 16200000, "deferredLongTermLiab": 124300000, "otherCurrentLiab": 571800000, "totalAssets": 30156700000, "commonStock": 2600000, "otherCurrentAssets": 334000000, "retainedEarnings": 1997100000, "otherLiab": 5533200000, "goodWill": 7285600000, "treasuryStock": -1069200000, "otherAssets": 2178700000, "cash": 151600000, "totalCurrentLiabilities": 3435100000, "deferredLongTermAssetCharges": 33500000, "shortLongTermDebt": 471900000, "otherStockholderEquity": -1069200000, "propertyPlantEquipment": 11189500000, "totalCurrentAssets": 4974300000, "longTermInvestments": 469100000, "netTangibleAssets": 324800000, "netReceivables": 2381200000, "longTermDebt": 9316500000, "inventory": 2107500000, "accountsPayable": 1831800000}, "2018-09-30": {"intangibleAssets": 3122000000, "capitalSurplus": 10588900000, "totalLiab": 13873900000, "totalStockholderEquity": 11469400000, "minorityInterest": 17200000, "otherCurrentLiab": 476500000, "totalAssets": 25360500000, "commonStock": 2500000, "otherCurrentAssets": 308000000, "retainedEarnings": 1573300000, "otherLiab": 4866100000, "goodWill": 5577600000, "treasuryStock": -695300000, "otherAssets": 2793300000, "cash": 636800000, "totalCurrentLiabilities": 3333300000, "deferredLongTermAssetCharges": 35200000, "shortLongTermDebt": 740700000, "otherStockholderEquity": -695300000, "propertyPlantEquipment": 9082500000, "totalCurrentAssets": 4785100000, "netTangibleAssets": 2769800000, "netReceivables": 2010700000, "longTermDebt": 5674500000, "inventory": 1829600000, "accountsPayable": 1716800000}}, "quarterly": {"2022-06-30": {"intangibleAssets": 3031300000, "capitalSurplus": 10616400000, "totalLiab": 17404300000, "totalStockholderEquity": 11457900000, "minorityInterest": 23500000, "otherCurrentLiab": 682900000, "totalAssets": 28885700000, "commonStock": 2500000, "otherCurrentAssets": 344400000, "retainedEarnings": 1934400000, "otherLiab": 5122800000, "goodWill": 5928800000, "treasuryStock": -1095400000, "otherAssets": 2706600000, "cash": 305400000, "totalCurrentLiabilities": 4111400000, "shortLongTermDebt": 197100000, "otherStockholderEquity": -1095400000, "propertyPlantEquipment": 10736500000, "totalCurrentAssets": 6004700000, "longTermInvestments": 477800000, "netTangibleAssets": 2497800000, "netReceivables": 3054400000, "longTermDebt": 7386000000, "inventory": 2300500000, "accountsPayable": 2259700000}, "2022-03-31": {"intangibleAssets": 3143600000, "capitalSurplus": 10793500000, "totalLiab": 17604300000, "totalStockholderEquity": 11578400000, "minorityInterest": 22900000, "otherCurrentLiab": 579200000, "totalAssets": 29205600000, "commonStock": 2600000, "otherCurrentAssets": 319300000, "retainedEarnings": 1662500000, "otherLiab": 5218000000, "goodWill": 5969300000, "treasuryStock": -880200000, "otherAssets": 2738300000, "cash": 360200000, "totalCurrentLiabilities": 3911800000, "shortLongTermDebt": 411400000, "otherStockholderEquity": -880200000, "propertyPlantEquipment": 10898100000, "totalCurrentAssets": 5985900000, "longTermInvestments": 470400000, "netTangibleAssets": 2465500000, "netReceivables": 3072900000, "longTermDebt": 7703700000, "inventory": 2233500000, "accountsPayable": 2219000000}, "2021-12-31": {"intangibleAssets": 3236800000, "capitalSurplus": 10996100000, "totalLiab": 17362700000, "totalStockholderEquity": 11697200000, "minorityInterest": 22600000, "otherCurrentLiab": 543500000, "totalAssets": 29082500000, "commonStock": 2600000, "otherCurrentAssets": 296300000, "retainedEarnings": 1711200000, "otherLiab": 5284100000, "goodWill": 5955400000, "treasuryStock": -1012700000, "otherAssets": 2725100000, "cash": 291300000, "totalCurrentLiabilities": 3555500000, "shortLongTermDebt": 228200000, "otherStockholderEquity": -1012700000, "propertyPlantEquipment": 11148200000, "totalCurrentAssets": 5567900000, "longTermInvestments": 449100000, "netTangibleAssets": 2505000000, "netReceivables": 2739000000, "longTermDebt": 7743500000, "inventory": 2241300000, "accountsPayable": 2135200000}, "2021-09-30": {"intangibleAssets": 3318800000, "capitalSurplus": 11058800000, "totalLiab": 17562600000, "totalStockholderEquity": 11670300000, "minorityInterest": 21400000, "deferredLongTermLiab": 110700000, "otherCurrentLiab": 513800000, "totalAssets": 29254300000, "commonStock": 2700000, "otherCurrentAssets": 409400000, "retainedEarnings": 1607900000, "otherLiab": 5355300000, "goodWill": 5959200000, "treasuryStock": -999100000, "otherAssets": 2617300000, "cash": 290900000, "totalCurrentLiabilities": 3644100000, "deferredLongTermAssetCharges": 25800000, "shortLongTermDebt": 160100000, "otherStockholderEquity": -999100000, "propertyPlantEquipment": 11246100000, "totalCurrentAssets": 5659600000, "longTermInvestments": 453300000, "netTangibleAssets": 2392300000, "netReceivables": 2786000000, "longTermDebt": 7769900000, "inventory": 2173300000, "accountsPayable": 2123700000}}}, "income": {"annual": {"2021-09-30": {"researchDevelopment": null, "effectOfAccountingCharges": null, "incomeBeforeTax": 1085900000, "minorityInterest": 21400000, "netIncome": 838300000, "sellingGeneralAdministrative": 1634400000, "grossProfit": 3460100000, "ebit": 1468600000, "operatingIncome": 1468600000, "otherOperatingExpenses": null, "interestExpense": -418900000, "extraordinaryItems": null, "nonRecurring": null, "otherItems": null, "incomeTaxExpense": 243400000, "totalRevenue": 18746100000, "totalOperatingExpenses": 17277500000, "costOfRevenue": 15286000000, "totalOtherIncomeExpenseNet": -382700000, "discontinuedOperations": null, "netIncomeFromContinuingOps": 842500000, "netIncomeApplicableToCommonShares": 838100000}, "2020-09-30": {"researchDevelopment": null, "effectOfAccountingCharges": null, "incomeBeforeTax": -522600000, "minorityInterest": 18200000, "netIncome": -690900000, "sellingGeneralAdministrative": 1521100000, "grossProfit": 3189300000, "ebit": 1267700000, "operatingIncome": 1267700000, "otherOperatingExpenses": null, "interestExpense": -465500000, "extraordinaryItems": null, "nonRecurring": null, "otherItems": null, "incomeTaxExpense": 163500000, "totalRevenue": 17578800000, "totalOperatingExpenses": 16311100000, "costOfRevenue": 14389500000, "totalOtherIncomeExpenseNet": -1790300000, "discontinuedOperations": null, "netIncomeFromContinuingOps": -686100000, "netIncomeApplicableToCommonShares": -691000000}, "2019-09-30": {"researchDevelopment": null, "effectOfAccountingCharges": null, "incomeBeforeTax": 1144700000, "minorityInterest": 16200000, "netIncome": 862900000, "sellingGeneralAdministrative": 1641000000, "grossProfit": 3556800000, "ebit": 1502600000, "operatingIncome": 1502600000, "otherOperatingExpenses": null, "interestExpense": -489400000, "extraordinaryItems": null, "nonRecurring": null, "otherItems": null, "incomeTaxExpense": 276800000, "totalRevenue": 18289000000, "totalOperatingExpenses": 16786400000, "costOfRevenue": 14732200000, "totalOtherIncomeExpenseNet": -357900000, "discontinuedOperations": null, "netIncomeFromContinuingOps": 867900000, "netIncomeApplicableToCommonShares": 862800000}, "2018-09-30": {"researchDevelopment": null, "effectOfAccountingCharges": null, "incomeBeforeTax": 1034800000, "minorityInterest": 17200000, "netIncome": 1906100000, "sellingGeneralAdministrative": 1451300000, "grossProfit": 3362000000, "ebit": 1590500000, "operatingIncome": 1590500000, "otherOperatingExpenses": null, "interestExpense": -352800000, "extraordinaryItems": null, "nonRecurring": null, "otherItems": null, "incomeTaxExpense": -874500000, "totalRevenue": 16285100000, "totalOperatingExpenses": 14694600000, "costOfRevenue": 12923100000, "totalOtherIncomeExpenseNet": -555700000, "discontinuedOperations": null, "netIncomeFromContinuingOps": 1909300000, "netIncomeApplicableToCommonShares": 1905900000}}, "quarterly": {"2022-06-30": {"researchDevelopment": null, "effectOfAccountingCharges": null, "incomeBeforeTax": 512500000, "minorityInterest": 23500000, "netIncome": 377900000, "sellingGeneralAdministrative": 465600000, "grossProfit": 1140700000, "ebit": 561600000, "operatingIncome": 561600000, "otherOperatingExpenses": null, "interestExpense": -92400000, "extraordinaryItems": null, "nonRecurring": null, "otherItems": null, "incomeTaxExpense": 132700000, "totalRevenue": 5519700000, "totalOperatingExpenses": 4958100000, "costOfRevenue": 4379000000, "totalOtherIncomeExpenseNet": -49100000, "discontinuedOperations": null, "netIncomeFromContinuingOps": 379800000, "netIncomeApplicableToCommonShares": 377900000}, "2022-03-31": {"researchDevelopment": null, "effectOfAccountingCharges": null, "incomeBeforeTax": 42500000, "minorityInterest": 22900000, "netIncome": 39900000, "sellingGeneralAdministrative": 453400000, "grossProfit": 998700000, "ebit": 457200000, "operatingIncome": 457200000, "otherOperatingExpenses": null, "interestExpense": -84900000, "extraordinaryItems": null, "nonRecurring": null, "otherItems": null, "incomeTaxExpense": 1800000, "totalRevenue": 5382100000, "totalOperatingExpenses": 4924900000, "costOfRevenue": 4383400000, "totalOtherIncomeExpenseNet": -414700000, "discontinuedOperations": null, "netIncomeFromContinuingOps": 40700000, "netIncomeApplicableToCommonShares": 39800000}, "2021-12-31": {"researchDevelopment": null, "effectOfAccountingCharges": null, "incomeBeforeTax": 242400000, "minorityInterest": 22600000, "netIncome": 182300000, "sellingGeneralAdministrative": 413000000, "grossProfit": 791600000, "ebit": 290600000, "operatingIncome": 290600000, "otherOperatingExpenses": null, "interestExpense": -98300000, "extraordinaryItems": null, "nonRecurring": null, "otherItems": null, "incomeTaxExpense": 58600000, "totalRevenue": 4952200000, "totalOperatingExpenses": 4661600000, "costOfRevenue": 4160600000, "totalOtherIncomeExpenseNet": -48200000, "discontinuedOperations": null, "netIncomeFromContinuingOps": 183800000, "netIncomeApplicableToCommonShares": 182300000}, "2021-09-30": {"researchDevelopment": null, "effectOfAccountingCharges": null, "incomeBeforeTax": 409800000, "minorityInterest": 21400000, "netIncome": 323700000, "sellingGeneralAdministrative": 408700000, "grossProfit": 982700000, "ebit": 486200000, "operatingIncome": 486200000, "otherOperatingExpenses": null, "interestExpense": -104500000, "extraordinaryItems": null, "nonRecurring": null, "otherItems": null, "incomeTaxExpense": 85200000, "totalRevenue": 5090500000, "totalOperatingExpenses": 4604300000, "costOfRevenue": 4107800000, "totalOtherIncomeExpenseNet": -76400000, "discontinuedOperations": null, "netIncomeFromContinuingOps": 324600000, "netIncomeApplicableToCommonShares": 323600000}}}, "cash": {"annual": {"2021-09-30": {"investments": 29500000, "changeToLiabilities": 430300000, "totalCashflowsFromInvestingActivities": -676000000, "netBorrowings": -1264400000, "totalCashFromFinancingActivities": -1580400000, "changeToOperatingActivities": 173200000, "issuanceOfStock": 18200000, "netIncome": 838300000, "changeInCash": 39800000, "repurchaseOfStock": -122400000, "effectOfExchangeRate": 16300000, "totalCashFromOperatingActivities": 2279900000, "depreciation": 1429600000, "otherCashflowsFromInvestingActivities": 45200000, "dividendsPaid": -233800000, "changeToInventory": -200000000, "changeToAccountReceivables": -428900000, "otherCashflowsFromFinancingActivities": 22000000, "changeToNetincome": 7000000, "capitalExpenditures": -815500000}, "2020-09-30": {"investments": 29500000, "changeToLiabilities": -86400000, "totalCashflowsFromInvestingActivities": -921500000, "netBorrowings": -593600000, "totalCashFromFinancingActivities": -1021100000, "changeToOperatingActivities": -104000000, "issuanceOfStock": 22200000, "netIncome": -690900000, "changeInCash": 99500000, "repurchaseOfStock": -122400000, "effectOfExchangeRate": -28600000, "totalCashFromOperatingActivities": 2070700000, "depreciation": 1443000000, "otherCashflowsFromInvestingActivities": 21600000, "dividendsPaid": -344500000, "changeToInventory": 21800000, "changeToAccountReceivables": 30500000, "otherCashflowsFromFinancingActivities": -105200000, "changeToNetincome": 1457600000, "capitalExpenditures": -978100000}, "2019-09-30": {"investments": 29500000, "changeToLiabilities": -39100000, "totalCashflowsFromInvestingActivities": -4579600000, "netBorrowings": 2262400000, "totalCashFromFinancingActivities": 1780200000, "changeToOperatingActivities": -178500000, "issuanceOfStock": 18300000, "netIncome": 862900000, "changeInCash": -485200000, "repurchaseOfStock": -88600000, "effectOfExchangeRate": 4000000, "totalCashFromOperatingActivities": 2310200000, "depreciation": 1495600000, "otherCashflowsFromInvestingActivities": 44600000, "dividendsPaid": -467900000, "changeToInventory": -110500000, "changeToAccountReceivables": 272900000, "otherCashflowsFromFinancingActivities": 56000000, "changeToNetincome": -28900000, "capitalExpenditures": -1369100000}, "2018-09-30": {"investments": -114300000, "changeToLiabilities": 180300000, "totalCashflowsFromInvestingActivities": -815100000, "netBorrowings": 149800000, "totalCashFromFinancingActivities": -755100000, "changeToOperatingActivities": -47000000, "issuanceOfStock": 26600000, "netIncome": 1906100000, "changeInCash": 332800000, "repurchaseOfStock": -195100000, "effectOfExchangeRate": -28200000, "totalCashFromOperatingActivities": 1931200000, "depreciation": 1248200000, "otherCashflowsFromInvestingActivities": 515700000, "dividendsPaid": -440900000, "changeToInventory": -72100000, "changeToAccountReceivables": -580100000, "otherCashflowsFromFinancingActivities": -295500000, "changeToNetincome": -862400000, "capitalExpenditures": -999900000}}, "quarterly": {"2022-06-30": {"changeToLiabilities": 55700000, "totalCashflowsFromInvestingActivities": -207600000, "netBorrowings": -343600000, "totalCashFromFinancingActivities": -678000000, "changeToOperatingActivities": 175700000, "issuanceOfStock": 1700000, "netIncome": 377900000, "changeInCash": -54800000, "repurchaseOfStock": -280600000, "effectOfExchangeRate": -6600000, "totalCashFromOperatingActivities": 837400000, "depreciation": 395800000, "otherCashflowsFromInvestingActivities": 5200000, "dividendsPaid": -63800000, "changeToInventory": -130500000, "changeToAccountReceivables": -30900000, "otherCashflowsFromFinancingActivities": 8300000, "changeToNetincome": -32700000, "capitalExpenditures": -215400000}, "2022-03-31": {"changeToLiabilities": 58900000, "totalCashflowsFromInvestingActivities": -151800000, "netBorrowings": 100200000, "totalCashFromFinancingActivities": -183500000, "changeToOperatingActivities": -26400000, "issuanceOfStock": 1700000, "netIncome": 39900000, "changeInCash": 68900000, "repurchaseOfStock": -225500000, "effectOfExchangeRate": 14300000, "totalCashFromOperatingActivities": 389900000, "depreciation": 373600000, "otherCashflowsFromInvestingActivities": 28600000, "dividendsPaid": -65800000, "changeToInventory": -15900000, "changeToAccountReceivables": -289500000, "otherCashflowsFromFinancingActivities": 7600000, "changeToNetincome": 208300000, "capitalExpenditures": -181000000}, "2021-12-31": {"changeToLiabilities": 5400000, "totalCashflowsFromInvestingActivities": -154800000, "netBorrowings": 48100000, "totalCashFromFinancingActivities": -104300000, "changeToOperatingActivities": -236100000, "issuanceOfStock": 6200000, "netIncome": 182300000, "changeInCash": 400000, "repurchaseOfStock": -100100000, "effectOfExchangeRate": 6700000, "totalCashFromOperatingActivities": 252800000, "depreciation": 366500000, "otherCashflowsFromInvestingActivities": 2900000, "dividendsPaid": -66300000, "changeToInventory": -117500000, "changeToAccountReceivables": 60400000, "otherCashflowsFromFinancingActivities": 7800000, "changeToNetincome": -70200000, "capitalExpenditures": -173100000}, "2021-09-30": {"investments": 100000, "changeToLiabilities": 233100000, "totalCashflowsFromInvestingActivities": -290500000, "netBorrowings": -487300000, "totalCashFromFinancingActivities": -639100000, "changeToOperatingActivities": -42400000, "issuanceOfStock": 3500000, "netIncome": 323700000, "changeInCash": -258900000, "repurchaseOfStock": -122400000, "effectOfExchangeRate": -6800000, "totalCashFromOperatingActivities": 677500000, "depreciation": 335400000, "otherCashflowsFromInvestingActivities": 17500000, "dividendsPaid": -64000000, "changeToInventory": -69200000, "changeToAccountReceivables": -95500000, "otherCashflowsFromFinancingActivities": 31100000, "changeToNetincome": 32000000, "capitalExpenditures": -310100000}}}}}