{"NKE": {"balance": {"annual": {"2022-05-31": {"intangibleAssets": 286000000, "capitalSurplus": 11484000000, "totalLiab": 25040000000, "totalStockholderEquity": 15281000000, "otherCurrentLiab": 1700000000, "totalAssets": 40321000000, "commonStock": 3000000, "otherCurrentAssets": 868000000, "retainedEarnings": 3476000000, "otherLiab": 2613000000, "goodWill": 284000000, "treasuryStock": 318000000, "otherAssets": 3821000000, "cash": 8574000000, "totalCurrentLiabilities": 10730000000, "deferredLongTermAssetCharges": 2295000000, "shortLongTermDebt": 500000000, "otherStockholderEquity": 318000000, "propertyPlantEquipment": 7717000000, "totalCurrentAssets": 28213000000, "netTangibleAssets": 14711000000, "shortTermInvestments": 4423000000, "netReceivables": 4667000000, "longTermDebt": 8920000000, "inventory": 8420000000, "accountsPayable": 3358000000}, "2021-05-31": {"intangibleAssets": 269000000, "capitalSurplus": 9965000000, "totalLiab": 24973000000, "totalStockholderEquity": 12767000000, "otherCurrentLiab": 2157000000, "totalAssets": 37740000000, "commonStock": 3000000, "otherCurrentAssets": 345000000, "retainedEarnings": 3179000000, "otherLiab": 2955000000, "goodWill": 242000000, "treasuryStock": -380000000, "otherAssets": 2921000000, "cash": 9889000000, "totalCurrentLiabilities": 9674000000, "deferredLongTermAssetCharges": 1668000000, "otherStockholderEquity": -380000000, "propertyPlantEquipment": 8017000000, "totalCurrentAssets": 26291000000, "netTangibleAssets": 12256000000, "shortTermInvestments": 3587000000, "netReceivables": 4463000000, "longTermDebt": 9413000000, "inventory": 6854000000, "accountsPayable": 2836000000}, "2020-05-31": {"intangibleAssets": 274000000, "capitalSurplus": 8299000000, "totalLiab": 23287000000, "totalStockholderEquity": 8055000000, "otherCurrentLiab": 1929000000, "totalAssets": 31342000000, "commonStock": 3000000, "otherCurrentAssets": 405000000, "retainedEarnings": -191000000, "otherLiab": 2684000000, "goodWill": 223000000, "treasuryStock": -56000000, "otherAssets": 2326000000, "cash": 8348000000, "totalCurrentLiabilities": 8284000000, "deferredLongTermAssetCharges": 1963000000, "shortLongTermDebt": 3000000, "otherStockholderEquity": -56000000, "propertyPlantEquipment": 7963000000, "totalCurrentAssets": 20556000000, "netTangibleAssets": 7558000000, "shortTermInvestments": 439000000, "netReceivables": 2749000000, "longTermDebt": 9406000000, "inventory": 7367000000, "accountsPayable": 2248000000}, "2019-05-31": {"intangibleAssets": 283000000, "capitalSurplus": 7163000000, "totalLiab": 14677000000, "totalStockholderEquity": 9040000000, "otherCurrentLiab": 2134000000, "totalAssets": 23717000000, "commonStock": 3000000, "otherCurrentAssets": 1026000000, "retainedEarnings": 1643000000, "otherLiab": 3005000000, "goodWill": 154000000, "treasuryStock": 231000000, "otherAssets": 2011000000, "cash": 4466000000, "totalCurrentLiabilities": 7866000000, "deferredLongTermAssetCharges": 663000000, "shortLongTermDebt": 6000000, "otherStockholderEquity": 231000000, "propertyPlantEquipment": 4744000000, "totalCurrentAssets": 16525000000, "netTangibleAssets": 8603000000, "shortTermInvestments": 197000000, "netReceivables": 4272000000, "longTermDebt": 3464000000, "inventory": 5622000000, "accountsPayable": 2612000000}}, "quarterly": {"2022-05-31": {"intangibleAssets": 286000000, "capitalSurplus": 11484000000, "totalLiab": 25040000000, "totalStockholderEquity": 15281000000, "otherCurrentLiab": 1700000000, "totalAssets": 40321000000, "commonStock": 3000000, "otherCurrentAssets": 868000000, "retainedEarnings": 3476000000, "otherLiab": 2613000000, "goodWill": 284000000, "treasuryStock": 318000000, "otherAssets": 3821000000, "cash": 8574000000, "totalCurrentLiabilities": 10730000000, "deferredLongTermAssetCharges": 2295000000, "shortLongTermDebt": 500000000, "otherStockholderEquity": 318000000, "propertyPlantEquipment": 7717000000, "totalCurrentAssets": 28213000000, "netTangibleAssets": 14711000000, "shortTermInvestments": 4423000000, "netReceivables": 4667000000, "longTermDebt": 8920000000, "inventory": 8420000000, "accountsPayable": 3358000000}, "2022-02-28": {"intangibleAssets": 291000000, "capitalSurplus": 11186000000, "totalLiab": 23768000000, "totalStockholderEquity": 14809000000, "otherCurrentLiab": 2034000000, "totalAssets": 38577000000, "commonStock": 3000000, "otherCurrentAssets": 416000000, "retainedEarnings": 3521000000, "otherLiab": 2748000000, "goodWill": 284000000, "treasuryStock": 99000000, "otherAssets": 3275000000, "cash": 8704000000, "totalCurrentLiabilities": 8818000000, "deferredLongTermAssetCharges": 3207000000, "otherStockholderEquity": 99000000, "propertyPlantEquipment": 7765000000, "totalCurrentAssets": 26962000000, "netTangibleAssets": 14234000000, "shortTermInvestments": 4763000000, "netReceivables": 3827000000, "longTermDebt": 9418000000, "inventory": 7700000000, "accountsPayable": 2770000000}, "2021-11-30": {"intangibleAssets": 265000000, "capitalSurplus": 10990000000, "totalLiab": 23993000000, "totalStockholderEquity": 14924000000, "otherCurrentLiab": 1964000000, "totalAssets": 38917000000, "commonStock": 3000000, "otherCurrentAssets": 445000000, "retainedEarnings": 3786000000, "otherLiab": 2884000000, "goodWill": 242000000, "treasuryStock": 145000000, "otherAssets": 3404000000, "cash": 10751000000, "totalCurrentLiabilities": 8857000000, "deferredLongTermAssetCharges": 3302000000, "otherStockholderEquity": 145000000, "propertyPlantEquipment": 7829000000, "totalCurrentAssets": 27177000000, "netTangibleAssets": 14417000000, "shortTermInvestments": 4352000000, "netReceivables": 3746000000, "longTermDebt": 9417000000, "inventory": 6506000000, "accountsPayable": 2795000000}, "2021-08-31": {"intangibleAssets": 267000000, "capitalSurplus": 10521000000, "totalLiab": 23574000000, "totalStockholderEquity": 14343000000, "otherCurrentLiab": 2302000000, "totalAssets": 37917000000, "commonStock": 3000000, "otherCurrentAssets": 178000000, "retainedEarnings": 3886000000, "otherLiab": 2992000000, "goodWill": 242000000, "treasuryStock": -67000000, "otherAssets": 3071000000, "cash": 10720000000, "totalCurrentLiabilities": 8269000000, "deferredLongTermAssetCharges": 3002000000, "otherStockholderEquity": -67000000, "propertyPlantEquipment": 7947000000, "totalCurrentAssets": 26390000000, "netTangibleAssets": 13834000000, "shortTermInvestments": 2975000000, "netReceivables": 4341000000, "longTermDebt": 9415000000, "inventory": 6699000000, "accountsPayable": 2135000000}}}, "income": {"annual": {"2022-05-31": {"researchDevelopment": null, "effectOfAccountingCharges": null, "incomeBeforeTax": 6651000000, "minorityInterest": null, "netIncome": 6046000000, "sellingGeneralAdministrative": 14804000000, "grossProfit": 21479000000, "ebit": 6675000000, "operatingIncome": 6675000000, "otherOperatingExpenses": null, "interestExpense": -299000000, "extraordinaryItems": null, "nonRecurring": null, "otherItems": null, "incomeTaxExpense": 605000000, "totalRevenue": 46710000000, "totalOperatingExpenses": 40035000000, "costOfRevenue": 25231000000, "totalOtherIncomeExpenseNet": -24000000, "discontinuedOperations": null, "netIncomeFromContinuingOps": 6046000000, "netIncomeApplicableToCommonShares": 6046000000}, "2021-05-31": {"researchDevelopment": null, "effectOfAccountingCharges": null, "incomeBeforeTax": 6661000000, "minorityInterest": null, "netIncome": 5727000000, "sellingGeneralAdministrative": 12770000000, "grossProfit": 20001000000, "ebit": 7231000000, "operatingIncome": 7231000000, "otherOperatingExpenses": null, "interestExpense": -296000000, "extraordinaryItems": null, "nonRecurring": null, "otherItems": null, "incomeTaxExpense": 934000000, "totalRevenue": 44538000000, "totalOperatingExpenses": 37307000000, "costOfRevenue": 24537000000, "totalOtherIncomeExpenseNet": -570000000, "discontinuedOperations": null, "netIncomeFromContinuingOps": 5727000000, "netIncomeApplicableToCommonShares": 5727000000}, "2020-05-31": {"researchDevelopment": null, "effectOfAccountingCharges": null, "incomeBeforeTax": 2887000000, "minorityInterest": null, "netIncome": 2539000000, "sellingGeneralAdministrative": 13126000000, "grossProfit": 16241000000, "ebit": 3115000000, "operatingIncome": 3115000000, "otherOperatingExpenses": null, "interestExpense": -151000000, "extraordinaryItems": null, "nonRecurring": null, "otherItems": null, "incomeTaxExpense": 348000000, "totalRevenue": 37403000000, "totalOperatingExpenses": 34288000000, "costOfRevenue": 21162000000, "totalOtherIncomeExpenseNet": -228000000, "discontinuedOperations": null, "netIncomeFromContinuingOps": 2539000000, "netIncomeApplicableToCommonShares": 2539000000}, "2019-05-31": {"researchDevelopment": null, "effectOfAccountingCharges": null, "incomeBeforeTax": 4801000000, "minorityInterest": null, "netIncome": 4029000000, "sellingGeneralAdministrative": 12702000000, "grossProfit": 17474000000, "ebit": 4772000000, "operatingIncome": 4772000000, "otherOperatingExpenses": null, "interestExpense": -131000000, "extraordinaryItems": null, "nonRecurring": null, "otherItems": null, "incomeTaxExpense": 772000000, "totalRevenue": 39117000000, "totalOperatingExpenses": 34345000000, "costOfRevenue": 21643000000, "totalOtherIncomeExpenseNet": 29000000, "discontinuedOperations": null, "netIncomeFromContinuingOps": 4029000000, "netIncomeApplicableToCommonShares": 4029000000}}, "quarterly": {"2022-05-31": {"researchDevelopment": null, "effectOfAccountingCharges": null, "incomeBeforeTax": 1374000000, "minorityInterest": null, "netIncome": 1439000000, "sellingGeneralAdministrative": 4035000000, "grossProfit": 5503000000, "ebit": 1468000000, "operatingIncome": 1468000000, "otherOperatingExpenses": null, "interestExpense": -77000000, "extraordinaryItems": null, "nonRecurring": null, "otherItems": null, "incomeTaxExpense": -65000000, "totalRevenue": 12234000000, "totalOperatingExpenses": 10766000000, "costOfRevenue": 6731000000, "totalOtherIncomeExpenseNet": -94000000, "discontinuedOperations": null, "netIncomeFromContinuingOps": 1439000000, "netIncomeApplicableToCommonShares": 1439000000}, "2022-02-28": {"researchDevelopment": null, "effectOfAccountingCharges": null, "incomeBeforeTax": 1670000000, "minorityInterest": null, "netIncome": 1396000000, "sellingGeneralAdministrative": 3438000000, "grossProfit": 5067000000, "ebit": 1629000000, "operatingIncome": 1629000000, "otherOperatingExpenses": null, "interestExpense": -75000000, "extraordinaryItems": null, "nonRecurring": null, "otherItems": null, "incomeTaxExpense": 274000000, "totalRevenue": 10871000000, "totalOperatingExpenses": 9242000000, "costOfRevenue": 5804000000, "totalOtherIncomeExpenseNet": 41000000, "discontinuedOperations": null, "netIncomeFromContinuingOps": 1396000000, "netIncomeApplicableToCommonShares": 1396000000}, "2021-11-30": {"researchDevelopment": null, "effectOfAccountingCharges": null, "incomeBeforeTax": 1501000000, "minorityInterest": null, "netIncome": 1337000000, "sellingGeneralAdministrative": 3759000000, "grossProfit": 5213000000, "ebit": 1454000000, "operatingIncome": 1454000000, "otherOperatingExpenses": null, "interestExpense": -73000000, "extraordinaryItems": null, "nonRecurring": null, "otherItems": null, "incomeTaxExpense": 164000000, "totalRevenue": 11357000000, "totalOperatingExpenses": 9903000000, "costOfRevenue": 6144000000, "totalOtherIncomeExpenseNet": 47000000, "discontinuedOperations": null, "netIncomeFromContinuingOps": 1337000000, "netIncomeApplicableToCommonShares": 1337000000}, "2021-08-31": {"researchDevelopment": null, "effectOfAccountingCharges": null, "incomeBeforeTax": 2106000000, "minorityInterest": null, "netIncome": 1874000000, "sellingGeneralAdministrative": 3572000000, "grossProfit": 5696000000, "ebit": 2124000000, "operatingIncome": 2124000000, "otherOperatingExpenses": null, "interestExpense": -74000000, "extraordinaryItems": null, "nonRecurring": null, "otherItems": null, "incomeTaxExpense": 232000000, "totalRevenue": 12248000000, "totalOperatingExpenses": 10124000000, "costOfRevenue": 6552000000, "totalOtherIncomeExpenseNet": -18000000, "discontinuedOperations": null, "netIncomeFromContinuingOps": 1874000000, "netIncomeApplicableToCommonShares": 1874000000}}}, "cash": {"annual": {"2022-05-31": {"investments": -747000000, "changeToLiabilities": 1365000000, "totalCashflowsFromInvestingActivities": -1524000000, "netBorrowings": 15000000, "totalCashFromFinancingActivities": -4836000000, "changeToOperatingActivities": -845000000, "issuanceOfStock": 1151000000, "netIncome": 6046000000, "changeInCash": -1315000000, "repurchaseOfStock": -4014000000, "effectOfExchangeRate": -143000000, "totalCashFromOperatingActivities": 5188000000, "depreciation": 840000000, "otherCashflowsFromInvestingActivities": -19000000, "dividendsPaid": -1837000000, "changeToInventory": -1676000000, "changeToAccountReceivables": -504000000, "otherCashflowsFromFinancingActivities": -151000000, "changeToNetincome": -38000000, "capitalExpenditures": -758000000}, "2021-05-31": {"investments": -3276000000, "changeToLiabilities": 1326000000, "totalCashflowsFromInvestingActivities": -3800000000, "netBorrowings": -249000000, "totalCashFromFinancingActivities": -1459000000, "changeToOperatingActivities": -182000000, "issuanceOfStock": 1172000000, "netIncome": 5727000000, "changeInCash": 1541000000, "repurchaseOfStock": -608000000, "effectOfExchangeRate": 143000000, "totalCashFromOperatingActivities": 6657000000, "depreciation": 797000000, "otherCashflowsFromInvestingActivities": 171000000, "dividendsPaid": -1638000000, "changeToInventory": 507000000, "changeToAccountReceivables": -1606000000, "otherCashflowsFromFinancingActivities": -136000000, "changeToNetincome": 88000000, "capitalExpenditures": -695000000}, "2020-05-31": {"investments": 27000000, "changeToLiabilities": 24000000, "totalCashflowsFromInvestingActivities": -1028000000, "netBorrowings": 6177000000, "totalCashFromFinancingActivities": 2491000000, "changeToOperatingActivities": -654000000, "issuanceOfStock": 885000000, "netIncome": 2539000000, "changeInCash": 3882000000, "repurchaseOfStock": -3067000000, "effectOfExchangeRate": -66000000, "totalCashFromOperatingActivities": 2485000000, "depreciation": 1119000000, "otherCashflowsFromInvestingActivities": 31000000, "dividendsPaid": -1452000000, "changeToInventory": -1854000000, "changeToAccountReceivables": 1239000000, "otherCashflowsFromFinancingActivities": -52000000, "changeToNetincome": 72000000, "capitalExpenditures": -1086000000}, "2019-05-31": {"investments": 850000000, "changeToLiabilities": 1525000000, "totalCashflowsFromInvestingActivities": -264000000, "netBorrowings": -331000000, "totalCashFromFinancingActivities": -5293000000, "changeToOperatingActivities": -203000000, "issuanceOfStock": 700000000, "netIncome": 4029000000, "changeInCash": 217000000, "repurchaseOfStock": -4286000000, "effectOfExchangeRate": -129000000, "totalCashFromOperatingActivities": 5903000000, "depreciation": 720000000, "otherCashflowsFromInvestingActivities": 5000000, "dividendsPaid": -1332000000, "changeToInventory": -490000000, "changeToAccountReceivables": -270000000, "otherCashflowsFromFinancingActivities": -44000000, "changeToNetincome": 592000000, "capitalExpenditures": -1119000000}}, "quarterly": {"2022-05-31": {"investments": 409000000, "changeToLiabilities": 1670000000, "totalCashflowsFromInvestingActivities": 187000000, "netBorrowings": 11000000, "totalCashFromFinancingActivities": -1380000000, "changeToOperatingActivities": -206000000, "issuanceOfStock": 192000000, "netIncome": 1439000000, "changeInCash": -130000000, "repurchaseOfStock": -1091000000, "effectOfExchangeRate": -88000000, "totalCashFromOperatingActivities": 1151000000, "depreciation": 296000000, "otherCashflowsFromInvestingActivities": 20000000, "dividendsPaid": -481000000, "changeToInventory": -804000000, "changeToAccountReceivables": -970000000, "otherCashflowsFromFinancingActivities": -11000000, "changeToNetincome": -274000000, "capitalExpenditures": -242000000}, "2022-02-28": {"investments": -380000000, "changeToLiabilities": -102000000, "totalCashflowsFromInvestingActivities": -606000000, "netBorrowings": -9000000, "totalCashFromFinancingActivities": -1610000000, "changeToOperatingActivities": -195000000, "issuanceOfStock": 113000000, "netIncome": 1396000000, "changeInCash": -2047000000, "repurchaseOfStock": -1200000000, "effectOfExchangeRate": -88000000, "totalCashFromOperatingActivities": 169000000, "depreciation": 183000000, "otherCashflowsFromInvestingActivities": -72000000, "dividendsPaid": -483000000, "changeToInventory": -1140000000, "changeToAccountReceivables": -77000000, "otherCashflowsFromFinancingActivities": -31000000, "changeToNetincome": 104000000, "capitalExpenditures": -154000000}, "2021-11-30": {"investments": -1359000000, "changeToLiabilities": 657000000, "totalCashflowsFromInvestingActivities": -1606000000, "netBorrowings": -9000000, "totalCashFromFinancingActivities": -1103000000, "changeToOperatingActivities": -202000000, "issuanceOfStock": 373000000, "netIncome": 1337000000, "changeInCash": 31000000, "repurchaseOfStock": -971000000, "effectOfExchangeRate": -17000000, "totalCashFromOperatingActivities": 2757000000, "depreciation": 193000000, "otherCashflowsFromInvestingActivities": -69000000, "dividendsPaid": -438000000, "changeToInventory": 167000000, "changeToAccountReceivables": 507000000, "otherCashflowsFromFinancingActivities": -67000000, "changeToNetincome": 98000000, "capitalExpenditures": -178000000}, "2021-08-31": {"investments": 583000000, "changeToLiabilities": -860000000, "totalCashflowsFromInvestingActivities": 501000000, "netBorrowings": 13000000, "totalCashFromFinancingActivities": -743000000, "changeToOperatingActivities": -242000000, "issuanceOfStock": 473000000, "netIncome": 1874000000, "changeInCash": 831000000, "repurchaseOfStock": -752000000, "effectOfExchangeRate": -38000000, "totalCashFromOperatingActivities": 1111000000, "depreciation": 168000000, "otherCashflowsFromInvestingActivities": 102000000, "dividendsPaid": -435000000, "changeToInventory": 101000000, "changeToAccountReceivables": 36000000, "otherCashflowsFromFinancingActivities": -42000000, "changeToNetincome": 34000000, "capitalExpenditures": -184000000}}}}, "WST": {"balance": {"annual": {"2021-12-31": {"intangibleAssets": 23000000, "capitalSurplus": 249000000, "totalLiab": 978400000, "totalStockholderEquity": 2335400000, "deferredLongTermLiab": 100000, "otherCurrentLiab": 122300000, "totalAssets": 3313800000, "commonStock": 18800000, "otherCurrentAssets": 112000000, "retainedEarnings": 2456700000, "otherLiab": 112500000, "goodWill": 109900000, "treasuryStock": -389100000, "otherAssets": 104400000, "cash": 762600000, "totalCurrentLiabilities": 594100000, "deferredLongTermAssetCharges": 48500000, "shortLongTermDebt": 44200000, "otherStockholderEquity": -159600000, "propertyPlantEquipment": 1126800000, "totalCurrentAssets": 1742000000, "longTermInvestments": 207700000, "netTangibleAssets": 2202500000, "netReceivables": 489000000, "longTermDebt": 208800000, "inventory": 378400000, "accountsPayable": 232200000}, "2020-12-31": {"intangibleAssets": 30500000, "capitalSurplus": 267300000, "totalLiab": 939300000, "totalStockholderEquity": 1854500000, "deferredLongTermLiab": 400000, "otherCurrentLiab": 128800000, "totalAssets": 2793800000, "commonStock": 18800000, "otherCurrentAssets": 51600000, "retainedEarnings": 1846700000, "otherLiab": 117000000, "goodWill": 111100000, "treasuryStock": -278300000, "otherAssets": 52300000, "cash": 615500000, "totalCurrentLiabilities": 503400000, "deferredLongTermAssetCharges": 16000000, "shortLongTermDebt": 2300000, "otherStockholderEquity": -110600000, "propertyPlantEquipment": 1011500000, "totalCurrentAssets": 1373700000, "longTermInvestments": 214700000, "netTangibleAssets": 1712900000, "netReceivables": 385300000, "longTermDebt": 258500000, "inventory": 321300000, "accountsPayable": 213100000}, "2019-12-31": {"intangibleAssets": 29800000, "capitalSurplus": 272700000, "totalLiab": 768200000, "totalStockholderEquity": 1573200000, "deferredLongTermLiab": 1100000, "otherCurrentLiab": 64400000, "totalAssets": 2341400000, "commonStock": 18800000, "otherCurrentAssets": 64600000, "retainedEarnings": 1549400000, "otherLiab": 107800000, "goodWill": 107800000, "treasuryStock": -267700000, "otherAssets": 43000000, "cash": 439100000, "totalCurrentLiabilities": 341600000, "deferredLongTermAssetCharges": 14000000, "shortLongTermDebt": 2300000, "otherStockholderEquity": -149600000, "propertyPlantEquipment": 909400000, "totalCurrentAssets": 1058700000, "longTermInvestments": 192700000, "netTangibleAssets": 1435600000, "netReceivables": 319300000, "longTermDebt": 256400000, "inventory": 235700000, "accountsPayable": 156800000}, "2018-12-31": {"intangibleAssets": 20300000, "capitalSurplus": 282000000, "totalLiab": 582600000, "totalStockholderEquity": 1396300000, "deferredLongTermLiab": 600000, "otherCurrentLiab": 64600000, "totalAssets": 1978900000, "commonStock": 18800000, "otherCurrentAssets": 54300000, "retainedEarnings": 1353400000, "otherLiab": 102900000, "goodWill": 105800000, "treasuryStock": -257900000, "otherAssets": 45200000, "cash": 337400000, "totalCurrentLiabilities": 283700000, "deferredLongTermAssetCharges": 24700000, "shortLongTermDebt": 100000, "otherStockholderEquity": -154200000, "propertyPlantEquipment": 822000000, "totalCurrentAssets": 894400000, "longTermInvestments": 91200000, "netTangibleAssets": 1270200000, "netReceivables": 288200000, "longTermDebt": 196000000, "inventory": 214500000, "accountsPayable": 130400000}}, "quarterly": {"2022-06-30": {"intangibleAssets": 20000000, "capitalSurplus": 225300000, "totalLiab": 937300000, "totalStockholderEquity": 2424400000, "otherCurrentLiab": 209400000, "totalAssets": 3361700000, "commonStock": 18800000, "otherCurrentAssets": 112600000, "retainedEarnings": 2792500000, "otherLiab": 94200000, "goodWill": 106600000, "treasuryStock": -612200000, "otherAssets": 116400000, "cash": 718500000, "totalCurrentLiabilities": 565100000, "deferredLongTermAssetCharges": 49400000, "shortLongTermDebt": 44200000, "otherStockholderEquity": -245900000, "propertyPlantEquipment": 1154300000, "totalCurrentAssets": 1771100000, "longTermInvestments": 193300000, "netTangibleAssets": 2297800000, "netReceivables": 528400000, "longTermDebt": 207800000, "inventory": 411600000, "accountsPayable": 220000000}, "2022-03-31": {"intangibleAssets": 21800000, "capitalSurplus": 219900000, "totalLiab": 968500000, "totalStockholderEquity": 2326200000, "otherCurrentLiab": 202700000, "totalAssets": 3294700000, "commonStock": 18800000, "otherCurrentAssets": 107600000, "retainedEarnings": 2617300000, "otherLiab": 106500000, "goodWill": 108800000, "treasuryStock": -529800000, "otherAssets": 124000000, "cash": 667700000, "totalCurrentLiabilities": 584800000, "deferredLongTermAssetCharges": 66400000, "shortLongTermDebt": 44200000, "otherStockholderEquity": -182400000, "propertyPlantEquipment": 1141500000, "totalCurrentAssets": 1690500000, "longTermInvestments": 208100000, "netTangibleAssets": 2195600000, "netReceivables": 498700000, "longTermDebt": 208300000, "inventory": 416500000, "accountsPayable": 248200000}, "2021-12-31": {"intangibleAssets": 23000000, "capitalSurplus": 249000000, "totalLiab": 978400000, "totalStockholderEquity": 2335400000, "deferredLongTermLiab": 100000, "otherCurrentLiab": 122300000, "totalAssets": 3313800000, "commonStock": 18800000, "otherCurrentAssets": 112000000, "retainedEarnings": 2456700000, "otherLiab": 112500000, "goodWill": 109900000, "treasuryStock": -389100000, "otherAssets": 104400000, "cash": 762600000, "totalCurrentLiabilities": 594100000, "deferredLongTermAssetCharges": 48500000, "shortLongTermDebt": 44200000, "otherStockholderEquity": -159600000, "propertyPlantEquipment": 1126800000, "totalCurrentAssets": 1742000000, "longTermInvestments": 207700000, "netTangibleAssets": 2202500000, "netReceivables": 489000000, "longTermDebt": 208800000, "inventory": 378400000, "accountsPayable": 232200000}, "2021-09-30": {"intangibleAssets": 26100000, "capitalSurplus": 251200000, "totalLiab": 940300000, "totalStockholderEquity": 2202300000, "otherCurrentLiab": 182200000, "totalAssets": 3142600000, "commonStock": 18800000, "otherCurrentAssets": 80100000, "retainedEarnings": 2335800000, "otherLiab": 118400000, "goodWill": 108900000, "treasuryStock": -403500000, "otherAssets": 128600000, "cash": 688000000, "totalCurrentLiabilities": 558600000, "deferredLongTermAssetCharges": 80000000, "shortLongTermDebt": 44200000, "otherStockholderEquity": -155700000, "propertyPlantEquipment": 1065000000, "totalCurrentAssets": 1598300000, "longTermInvestments": 215700000, "netTangibleAssets": 2067300000, "netReceivables": 476400000, "longTermDebt": 209900000, "inventory": 353800000, "accountsPayable": 207700000}}}, "income": {"annual": {"2021-12-31": {"researchDevelopment": 52800000, "effectOfAccountingCharges": null, "incomeBeforeTax": 769000000, "minorityInterest": null, "netIncome": 661800000, "sellingGeneralAdministrative": 359000000, "grossProfit": 1175800000, "ebit": 764000000, "operatingIncome": 764000000, "otherOperatingExpenses": null, "interestExpense": -8200000, "extraordinaryItems": null, "nonRecurring": null, "otherItems": null, "incomeTaxExpense": 107200000, "totalRevenue": 2831600000, "totalOperatingExpenses": 2067600000, "costOfRevenue": 1655800000, "totalOtherIncomeExpenseNet": 5000000, "discontinuedOperations": null, "netIncomeFromContinuingOps": 661800000, "netIncomeApplicableToCommonShares": 661800000}, "2020-12-31": {"researchDevelopment": 46900000, "effectOfAccountingCharges": null, "incomeBeforeTax": 418700000, "minorityInterest": null, "netIncome": 346200000, "sellingGeneralAdministrative": 300800000, "grossProfit": 767800000, "ebit": 420100000, "operatingIncome": 420100000, "otherOperatingExpenses": null, "interestExpense": -8200000, "extraordinaryItems": null, "nonRecurring": null, "otherItems": null, "incomeTaxExpense": 72500000, "totalRevenue": 2146900000, "totalOperatingExpenses": 1726800000, "costOfRevenue": 1379100000, "totalOtherIncomeExpenseNet": -1400000, "discontinuedOperations": null, "netIncomeFromContinuingOps": 346200000, "netIncomeApplicableToCommonShares": 346200000}, "2019-12-31": {"researchDevelopment": 38900000, "effectOfAccountingCharges": null, "incomeBeforeTax": 300700000, "minorityInterest": null, "netIncome": 241700000, "sellingGeneralAdministrative": 272800000, "grossProfit": 605700000, "ebit": 296000000, "operatingIncome": 296000000, "otherOperatingExpenses": -2000000, "interestExpense": -8500000, "extraordinaryItems": null, "nonRecurring": null, "otherItems": null, "incomeTaxExpense": 59000000, "totalRevenue": 1839900000, "totalOperatingExpenses": 1543900000, "costOfRevenue": 1234200000, "totalOtherIncomeExpenseNet": 4700000, "discontinuedOperations": null, "netIncomeFromContinuingOps": 241700000, "netIncomeApplicableToCommonShares": 241700000}, "2018-12-31": {"researchDevelopment": 40300000, "effectOfAccountingCharges": null, "incomeBeforeTax": 248300000, "minorityInterest": null, "netIncome": 206900000, "sellingGeneralAdministrative": 256200000, "grossProfit": 545400000, "ebit": 250900000, "operatingIncome": 250900000, "otherOperatingExpenses": -2000000, "interestExpense": -8400000, "extraordinaryItems": null, "nonRecurring": null, "otherItems": null, "incomeTaxExpense": 41400000, "totalRevenue": 1717400000, "totalOperatingExpenses": 1466500000, "costOfRevenue": 1172000000, "totalOtherIncomeExpenseNet": -2600000, "discontinuedOperations": null, "netIncomeFromContinuingOps": 206900000, "netIncomeApplicableToCommonShares": 206900000}}, "quarterly": {"2022-06-30": {"researchDevelopment": 14400000, "effectOfAccountingCharges": null, "incomeBeforeTax": 232700000, "minorityInterest": null, "netIncome": 188500000, "sellingGeneralAdministrative": 81300000, "grossProfit": 321500000, "ebit": 226200000, "operatingIncome": 226200000, "otherOperatingExpenses": -400000, "interestExpense": -1800000, "extraordinaryItems": null, "nonRecurring": null, "otherItems": null, "incomeTaxExpense": 44200000, "totalRevenue": 771300000, "totalOperatingExpenses": 545100000, "costOfRevenue": 449800000, "totalOtherIncomeExpenseNet": 6500000, "discontinuedOperations": null, "netIncomeFromContinuingOps": 188500000, "netIncomeApplicableToCommonShares": 188500000}, "2022-03-31": {"researchDevelopment": 14600000, "effectOfAccountingCharges": null, "incomeBeforeTax": 195000000, "minorityInterest": null, "netIncome": 173800000, "sellingGeneralAdministrative": 83400000, "grossProfit": 284600000, "ebit": 189300000, "operatingIncome": 189300000, "otherOperatingExpenses": -2700000, "interestExpense": -2200000, "extraordinaryItems": null, "nonRecurring": null, "otherItems": null, "incomeTaxExpense": 21200000, "totalRevenue": 720000000, "totalOperatingExpenses": 530700000, "costOfRevenue": 435400000, "totalOtherIncomeExpenseNet": 5700000, "discontinuedOperations": null, "netIncomeFromContinuingOps": 173800000, "netIncomeApplicableToCommonShares": 173800000}, "2021-12-31": {"researchDevelopment": 13700000, "effectOfAccountingCharges": null, "incomeBeforeTax": 181900000, "minorityInterest": null, "netIncome": 147700000, "sellingGeneralAdministrative": 98500000, "grossProfit": 300600000, "ebit": 188100000, "operatingIncome": 188100000, "otherOperatingExpenses": 300000, "interestExpense": -2600000, "extraordinaryItems": null, "nonRecurring": null, "otherItems": null, "incomeTaxExpense": 34200000, "totalRevenue": 730800000, "totalOperatingExpenses": 542700000, "costOfRevenue": 430200000, "totalOtherIncomeExpenseNet": -6200000, "discontinuedOperations": null, "netIncomeFromContinuingOps": 147700000, "netIncomeApplicableToCommonShares": 147700000}, "2021-09-30": {"researchDevelopment": 13100000, "effectOfAccountingCharges": null, "incomeBeforeTax": 187600000, "minorityInterest": null, "netIncome": 175600000, "sellingGeneralAdministrative": 90700000, "grossProfit": 288200000, "ebit": 184600000, "operatingIncome": 184600000, "otherOperatingExpenses": -200000, "interestExpense": -1800000, "extraordinaryItems": null, "nonRecurring": null, "otherItems": null, "incomeTaxExpense": 12000000, "totalRevenue": 706500000, "totalOperatingExpenses": 521900000, "costOfRevenue": 418300000, "totalOtherIncomeExpenseNet": 3000000, "discontinuedOperations": null, "netIncomeFromContinuingOps": 175600000, "netIncomeApplicableToCommonShares": 175600000}}}, "cash": {"annual": {"2021-12-31": {"changeToLiabilities": 16800000, "totalCashflowsFromInvestingActivities": -253100000, "netBorrowings": -2200000, "totalCashFromFinancingActivities": -168100000, "changeToOperatingActivities": -600000, "issuanceOfStock": 37100000, "netIncome": 661800000, "changeInCash": 147100000, "repurchaseOfStock": -151900000, "effectOfExchangeRate": -15700000, "totalCashFromOperatingActivities": 584000000, "depreciation": 122300000, "otherCashflowsFromInvestingActivities": 2500000, "dividendsPaid": -51100000, "changeToInventory": -86500000, "changeToAccountReceivables": -123500000, "changeToNetincome": -6300000, "capitalExpenditures": -253400000}, "2020-12-31": {"changeToLiabilities": 36600000, "totalCashflowsFromInvestingActivities": -179500000, "netBorrowings": -2300000, "totalCashFromFinancingActivities": -137100000, "changeToOperatingActivities": 73400000, "issuanceOfStock": 34700000, "netIncome": 346200000, "changeInCash": 176400000, "repurchaseOfStock": -121400000, "effectOfExchangeRate": 20500000, "totalCashFromOperatingActivities": 472500000, "depreciation": 109100000, "otherCashflowsFromInvestingActivities": -5100000, "dividendsPaid": -48100000, "changeToInventory": -73700000, "changeToAccountReceivables": -46600000, "changeToNetincome": 27500000, "capitalExpenditures": -174400000}, "2019-12-31": {"investments": -85100000, "changeToLiabilities": 25300000, "totalCashflowsFromInvestingActivities": -228000000, "netBorrowings": 62100000, "totalCashFromFinancingActivities": -36800000, "changeToOperatingActivities": 12200000, "issuanceOfStock": 32700000, "netIncome": 241700000, "changeInCash": 101700000, "repurchaseOfStock": -85300000, "effectOfExchangeRate": -700000, "totalCashFromOperatingActivities": 367200000, "depreciation": 103400000, "otherCashflowsFromInvestingActivities": 2400000, "dividendsPaid": -45100000, "changeToInventory": -18600000, "changeToAccountReceivables": -33300000, "otherCashflowsFromFinancingActivities": -1200000, "changeToNetincome": 36500000, "capitalExpenditures": -126400000}, "2018-12-31": {"investments": -85100000, "changeToLiabilities": 400000, "totalCashflowsFromInvestingActivities": -100800000, "netBorrowings": -100000, "totalCashFromFinancingActivities": -80700000, "changeToOperatingActivities": 22100000, "issuanceOfStock": 32300000, "netIncome": 206900000, "changeInCash": 101500000, "repurchaseOfStock": -70800000, "effectOfExchangeRate": -5600000, "totalCashFromOperatingActivities": 288600000, "depreciation": 104400000, "otherCashflowsFromInvestingActivities": 3900000, "dividendsPaid": -42100000, "changeToInventory": -7000000, "changeToAccountReceivables": -43800000, "otherCashflowsFromFinancingActivities": -1200000, "changeToNetincome": 5600000, "capitalExpenditures": -104700000}}, "quarterly": {"2022-06-30": {"changeToLiabilities": 0, "totalCashflowsFromInvestingActivities": -66000000, "netBorrowings": -500000, "totalCashFromFinancingActivities": -36200000, "changeToOperatingActivities": -47500000, "issuanceOfStock": 6500000, "netIncome": 188500000, "changeInCash": 50800000, "repurchaseOfStock": -28900000, "effectOfExchangeRate": -20100000, "totalCashFromOperatingActivities": 173100000, "depreciation": 30100000, "otherCashflowsFromInvestingActivities": 100000, "dividendsPaid": -13100000, "otherCashflowsFromFinancingActivities": -200000, "changeToNetincome": 2000000, "capitalExpenditures": -66100000}, "2022-03-31": {"changeToLiabilities": 0, "totalCashflowsFromInvestingActivities": -68300000, "netBorrowings": -600000, "totalCashFromFinancingActivities": -172700000, "changeToOperatingActivities": -50200000, "issuanceOfStock": 8300000, "netIncome": 173800000, "changeInCash": -94900000, "repurchaseOfStock": -165900000, "effectOfExchangeRate": -5100000, "totalCashFromOperatingActivities": 151200000, "depreciation": 29600000, "otherCashflowsFromInvestingActivities": -2500000, "dividendsPaid": -13400000, "otherCashflowsFromFinancingActivities": -1100000, "changeToNetincome": -2000000, "capitalExpenditures": -65800000}, "2021-12-31": {"changeToLiabilities": 16800000, "totalCashflowsFromInvestingActivities": -77400000, "netBorrowings": -1100000, "totalCashFromFinancingActivities": -6200000, "changeToOperatingActivities": 187900000, "issuanceOfStock": 8300000, "netIncome": 147700000, "changeInCash": 74600000, "repurchaseOfStock": -100000, "effectOfExchangeRate": -2600000, "totalCashFromOperatingActivities": 160800000, "depreciation": 34400000, "otherCashflowsFromInvestingActivities": 1300000, "dividendsPaid": -13300000, "changeToInventory": -86500000, "changeToAccountReceivables": -123500000, "otherCashflowsFromFinancingActivities": -1100000, "changeToNetincome": -16000000, "capitalExpenditures": -76500000}, "2021-09-30": {"changeToLiabilities": 0, "totalCashflowsFromInvestingActivities": -65300000, "netBorrowings": -1100000, "totalCashFromFinancingActivities": -5800000, "changeToOperatingActivities": -20000000, "issuanceOfStock": 7100000, "netIncome": 175600000, "changeInCash": 111800000, "repurchaseOfStock": -300000, "effectOfExchangeRate": -7200000, "totalCashFromOperatingActivities": 190100000, "depreciation": 30000000, "otherCashflowsFromInvestingActivities": 1300000, "dividendsPaid": -12600000, "changeToInventory": -86500000, "changeToAccountReceivables": -123500000, "otherCashflowsFromFinancingActivities": -1100000, "changeToNetincome": 4500000, "capitalExpenditures": -65300000}}}}, "NWL": {"balance": {"annual": {"2021-12-31": {"intangibleAssets": 3370000000, "capitalSurplus": 7734000000, "totalLiab": 10088000000, "totalStockholderEquity": 4091000000, "otherCurrentLiab": 59000000, "totalAssets": 14179000000, "commonStock": 450000000, "otherCurrentAssets": 74000000, "retainedEarnings": -2602000000, "otherLiab": 1347000000, "goodWill": 3504000000, "treasuryStock": -1491000000, "otherAssets": 1278000000, "cash": 440000000, "totalCurrentLiabilities": 3317000000, "deferredLongTermAssetCharges": 814000000, "otherStockholderEquity": -882000000, "propertyPlantEquipment": 1762000000, "totalCurrentAssets": 4262000000, "longTermInvestments": 3000000, "netTangibleAssets": -2783000000, "netReceivables": 1500000000, "longTermDebt": 4922000000, "inventory": 1997000000, "accountsPayable": 1680000000}, "2020-12-31": {"intangibleAssets": 3564000000, "capitalSurplus": 8078000000, "totalLiab": 10800000000, "totalStockholderEquity": 3874000000, "minorityInterest": 26000000, "otherCurrentLiab": 102000000, "totalAssets": 14700000000, "commonStock": 448000000, "otherCurrentAssets": 61000000, "retainedEarnings": -3174000000, "otherLiab": 1464000000, "goodWill": 3553000000, "treasuryStock": -1478000000, "otherAssets": 1242000000, "cash": 981000000, "totalCurrentLiabilities": 3621000000, "deferredLongTermAssetCharges": 838000000, "shortLongTermDebt": 463000000, "otherStockholderEquity": -880000000, "propertyPlantEquipment": 1706000000, "totalCurrentAssets": 4628000000, "longTermInvestments": 7000000, "netTangibleAssets": -3243000000, "netReceivables": 1678000000, "longTermDebt": 5238000000, "inventory": 1638000000, "accountsPayable": 1526000000}, "2019-12-31": {"intangibleAssets": 4916000000, "capitalSurplus": 8430000000, "totalLiab": 10646000000, "totalStockholderEquity": 4963000000, "minorityInterest": 33000000, "otherCurrentLiab": 131000000, "totalAssets": 15642000000, "commonStock": 447000000, "otherCurrentAssets": 33000000, "retainedEarnings": -2404000000, "otherLiab": 1736000000, "goodWill": 3709000000, "treasuryStock": -1510000000, "otherAssets": 1135000000, "cash": 349000000, "totalCurrentLiabilities": 2978000000, "deferredLongTermAssetCharges": 776000000, "shortLongTermDebt": 305000000, "otherStockholderEquity": -920000000, "propertyPlantEquipment": 1770000000, "totalCurrentAssets": 4110000000, "longTermInvestments": 2000000, "netTangibleAssets": -3662000000, "netReceivables": 1842000000, "longTermDebt": 5381000000, "inventory": 1606000000, "accountsPayable": 1102000000}, "2018-12-31": {"intangibleAssets": 6150600000, "capitalSurplus": 8781100000, "totalLiab": 12469200000, "totalStockholderEquity": 5218400000, "minorityInterest": 34800000, "otherCurrentLiab": 458300000, "totalAssets": 17722400000, "commonStock": 446100000, "otherCurrentAssets": 1243800000, "retainedEarnings": -2511300000, "otherLiab": 2469400000, "goodWill": 3873900000, "treasuryStock": -1497500000, "otherAssets": 513300000, "cash": 495700000, "totalCurrentLiabilities": 3303500000, "deferredLongTermAssetCharges": 183300000, "otherStockholderEquity": -912800000, "propertyPlantEquipment": 1226100000, "totalCurrentAssets": 5958500000, "netTangibleAssets": -4806100000, "netReceivables": 2163500000, "longTermDebt": 6696300000, "inventory": 1760700000, "accountsPayable": 1191600000}}, "quarterly": {"2022-06-30": {"intangibleAssets": 2977000000, "capitalSurplus": 7251000000, "totalLiab": 10501000000, "totalStockholderEquity": 3947000000, "otherCurrentLiab": 80000000, "totalAssets": 14448000000, "commonStock": 439000000, "otherCurrentAssets": 52000000, "retainedEarnings": -2164000000, "otherLiab": 1578000000, "goodWill": 3450000000, "treasuryStock": -1579000000, "otherAssets": 1563000000, "cash": 323000000, "totalCurrentLiabilities": 4630000000, "deferredLongTermAssetCharges": 786000000, "shortLongTermDebt": 1091000000, "otherStockholderEquity": -956000000, "propertyPlantEquipment": 1701000000, "totalCurrentAssets": 4757000000, "netTangibleAssets": -2480000000, "netReceivables": 1562000000, "longTermDebt": 3793000000, "inventory": 2522000000, "accountsPayable": 1700000000}, "2022-03-31": {"intangibleAssets": 3046000000, "capitalSurplus": 7384000000, "totalLiab": 10224000000, "totalStockholderEquity": 3980000000, "otherCurrentLiab": 81000000, "totalAssets": 14204000000, "commonStock": 441000000, "otherCurrentAssets": 41000000, "retainedEarnings": -2368000000, "otherLiab": 1596000000, "goodWill": 3486000000, "treasuryStock": -1477000000, "otherAssets": 1522000000, "cash": 344000000, "totalCurrentLiabilities": 3183000000, "deferredLongTermAssetCharges": 797000000, "shortLongTermDebt": 1000000, "otherStockholderEquity": -854000000, "propertyPlantEquipment": 1739000000, "totalCurrentAssets": 4411000000, "netTangibleAssets": -2552000000, "netReceivables": 1421000000, "longTermDebt": 4914000000, "inventory": 2297000000, "accountsPayable": 1651000000}, "2021-12-31": {"intangibleAssets": 3370000000, "capitalSurplus": 7734000000, "totalLiab": 10088000000, "totalStockholderEquity": 4091000000, "otherCurrentLiab": 59000000, "totalAssets": 14179000000, "commonStock": 450000000, "otherCurrentAssets": 74000000, "retainedEarnings": -2602000000, "otherLiab": 1347000000, "goodWill": 3504000000, "treasuryStock": -1491000000, "otherAssets": 1278000000, "cash": 440000000, "totalCurrentLiabilities": 3317000000, "deferredLongTermAssetCharges": 814000000, "otherStockholderEquity": -882000000, "propertyPlantEquipment": 1762000000, "totalCurrentAssets": 4262000000, "longTermInvestments": 3000000, "netTangibleAssets": -2783000000, "netReceivables": 1500000000, "longTermDebt": 4922000000, "inventory": 1997000000, "accountsPayable": 1680000000}, "2021-09-30": {"intangibleAssets": 3461000000, "capitalSurplus": 7819000000, "totalLiab": 10463000000, "totalStockholderEquity": 4055000000, "minorityInterest": 2000000, "otherCurrentLiab": 132000000, "totalAssets": 14520000000, "commonStock": 450000000, "otherCurrentAssets": 33000000, "retainedEarnings": -2698000000, "otherLiab": 1383000000, "goodWill": 3516000000, "treasuryStock": -1516000000, "otherAssets": 1278000000, "cash": 494000000, "totalCurrentLiabilities": 3709000000, "deferredLongTermAssetCharges": 855000000, "shortLongTermDebt": 253000000, "otherStockholderEquity": -907000000, "propertyPlantEquipment": 1645000000, "totalCurrentAssets": 4616000000, "longTermInvestments": 4000000, "netTangibleAssets": -2922000000, "netReceivables": 1686000000, "longTermDebt": 4936000000, "inventory": 2098000000, "accountsPayable": 1709000000}}}, "income": {"annual": {"2021-12-31": {"researchDevelopment": 153000000, "effectOfAccountingCharges": null, "incomeBeforeTax": 693000000, "minorityInterest": null, "netIncome": 572000000, "sellingGeneralAdministrative": 2113000000, "grossProfit": 3318000000, "ebit": 1052000000, "operatingIncome": 1052000000, "otherOperatingExpenses": null, "interestExpense": -256000000, "extraordinaryItems": null, "nonRecurring": null, "otherItems": null, "incomeTaxExpense": 121000000, "totalRevenue": 10589000000, "totalOperatingExpenses": 9537000000, "costOfRevenue": 7271000000, "totalOtherIncomeExpenseNet": -359000000, "discontinuedOperations": null, "netIncomeFromContinuingOps": 572000000, "netIncomeApplicableToCommonShares": 572000000}, "2020-12-31": {"researchDevelopment": 144000000, "effectOfAccountingCharges": null, "incomeBeforeTax": -1006000000, "minorityInterest": 26000000, "netIncome": -770000000, "sellingGeneralAdministrative": 2079000000, "grossProfit": 3083000000, "ebit": 860000000, "operatingIncome": 860000000, "otherOperatingExpenses": null, "interestExpense": -274000000, "extraordinaryItems": null, "nonRecurring": null, "otherItems": null, "incomeTaxExpense": -236000000, "totalRevenue": 9385000000, "totalOperatingExpenses": 8525000000, "costOfRevenue": 6302000000, "totalOtherIncomeExpenseNet": -1866000000, "discontinuedOperations": null, "netIncomeFromContinuingOps": -770000000, "netIncomeApplicableToCommonShares": -770000000}, "2019-12-31": {"researchDevelopment": 149000000, "effectOfAccountingCharges": null, "incomeBeforeTax": -852000000, "minorityInterest": 33000000, "netIncome": 107000000, "sellingGeneralAdministrative": 2264000000, "grossProfit": 3235000000, "ebit": 822000000, "operatingIncome": 822000000, "otherOperatingExpenses": null, "interestExpense": -303000000, "extraordinaryItems": null, "nonRecurring": null, "otherItems": null, "incomeTaxExpense": -1038000000, "totalRevenue": 9715000000, "totalOperatingExpenses": 8893000000, "costOfRevenue": 6480000000, "totalOtherIncomeExpenseNet": -1674000000, "discontinuedOperations": -79000000, "netIncomeFromContinuingOps": 186000000, "netIncomeApplicableToCommonShares": 107000000}, "2018-12-31": {"researchDevelopment": 151000000, "effectOfAccountingCharges": null, "incomeBeforeTax": -7992000000, "minorityInterest": 34800000, "netIncome": -6942000000, "sellingGeneralAdministrative": 2480000000, "grossProfit": 3518000000, "ebit": 887000000, "operatingIncome": 887000000, "otherOperatingExpenses": null, "interestExpense": -446000000, "extraordinaryItems": null, "nonRecurring": null, "otherItems": null, "incomeTaxExpense": -1359000000, "totalRevenue": 10154000000, "totalOperatingExpenses": 9267000000, "costOfRevenue": 6636000000, "totalOtherIncomeExpenseNet": -8879000000, "discontinuedOperations": -309000000, "netIncomeFromContinuingOps": -6633000000, "netIncomeApplicableToCommonShares": -6942000000}}, "quarterly": {"2022-06-30": {"researchDevelopment": null, "effectOfAccountingCharges": null, "incomeBeforeTax": 254000000, "minorityInterest": null, "netIncome": 204000000, "sellingGeneralAdministrative": 504000000, "grossProfit": 825000000, "ebit": 321000000, "operatingIncome": 321000000, "otherOperatingExpenses": null, "interestExpense": -55000000, "extraordinaryItems": null, "nonRecurring": null, "otherItems": null, "incomeTaxExpense": 50000000, "totalRevenue": 2534000000, "totalOperatingExpenses": 2213000000, "costOfRevenue": 1709000000, "totalOtherIncomeExpenseNet": -67000000, "discontinuedOperations": null, "netIncomeFromContinuingOps": 204000000, "netIncomeApplicableToCommonShares": 204000000}, "2022-03-31": {"researchDevelopment": null, "effectOfAccountingCharges": null, "incomeBeforeTax": 282000000, "minorityInterest": null, "netIncome": 234000000, "sellingGeneralAdministrative": 517000000, "grossProfit": 745000000, "ebit": 228000000, "operatingIncome": 228000000, "otherOperatingExpenses": null, "interestExpense": -59000000, "extraordinaryItems": null, "nonRecurring": null, "otherItems": null, "incomeTaxExpense": 48000000, "totalRevenue": 2388000000, "totalOperatingExpenses": 2160000000, "costOfRevenue": 1643000000, "totalOtherIncomeExpenseNet": 54000000, "discontinuedOperations": null, "netIncomeFromContinuingOps": 234000000, "netIncomeApplicableToCommonShares": 234000000}, "2021-12-31": {"researchDevelopment": 153000000, "effectOfAccountingCharges": null, "incomeBeforeTax": 109000000, "minorityInterest": null, "netIncome": 96000000, "sellingGeneralAdministrative": 451000000, "grossProfit": 857000000, "ebit": 253000000, "operatingIncome": 253000000, "otherOperatingExpenses": null, "interestExpense": -59000000, "extraordinaryItems": null, "nonRecurring": null, "otherItems": null, "incomeTaxExpense": 13000000, "totalRevenue": 2805000000, "totalOperatingExpenses": 2552000000, "costOfRevenue": 1948000000, "totalOtherIncomeExpenseNet": -144000000, "discontinuedOperations": null, "netIncomeFromContinuingOps": 96000000, "netIncomeApplicableToCommonShares": 96000000}, "2021-09-30": {"researchDevelopment": 153000000, "effectOfAccountingCharges": null, "incomeBeforeTax": 215000000, "minorityInterest": 2000000, "netIncome": 190000000, "sellingGeneralAdministrative": 559000000, "grossProfit": 848000000, "ebit": 289000000, "operatingIncome": 289000000, "otherOperatingExpenses": null, "interestExpense": -65000000, "extraordinaryItems": null, "nonRecurring": null, "otherItems": null, "incomeTaxExpense": 25000000, "totalRevenue": 2787000000, "totalOperatingExpenses": 2498000000, "costOfRevenue": 1939000000, "totalOtherIncomeExpenseNet": -74000000, "discontinuedOperations": null, "netIncomeFromContinuingOps": 190000000, "netIncomeApplicableToCommonShares": 190000000}}}, "cash": {"annual": {"2021-12-31": {"changeToLiabilities": 177000000, "totalCashflowsFromInvestingActivities": -268000000, "netBorrowings": -704000000, "totalCashFromFinancingActivities": -1143000000, "changeToOperatingActivities": 6000000, "netIncome": 572000000, "changeInCash": -544000000, "repurchaseOfStock": -12000000, "effectOfExchangeRate": -17000000, "totalCashFromOperatingActivities": 884000000, "depreciation": 325000000, "otherCashflowsFromInvestingActivities": 21000000, "dividendsPaid": -394000000, "changeToInventory": -396000000, "changeToAccountReceivables": 130000000, "otherCashflowsFromFinancingActivities": -33000000, "changeToNetincome": 70000000, "capitalExpenditures": -289000000}, "2020-12-31": {"changeToLiabilities": 415000000, "totalCashflowsFromInvestingActivities": -228000000, "netBorrowings": -160000000, "totalCashFromFinancingActivities": -559000000, "changeToOperatingActivities": -75000000, "issuanceOfStock": 11000000, "netIncome": -770000000, "changeInCash": 650000000, "repurchaseOfStock": -12000000, "effectOfExchangeRate": 5000000, "totalCashFromOperatingActivities": 1432000000, "depreciation": 357000000, "otherCashflowsFromInvestingActivities": 15000000, "dividendsPaid": -392000000, "changeToInventory": -29000000, "changeToAccountReceivables": 168000000, "otherCashflowsFromFinancingActivities": -18000000, "changeToNetincome": 1366000000, "capitalExpenditures": -259000000}, "2019-12-31": {"changeToLiabilities": -109000000, "totalCashflowsFromInvestingActivities": 736000000, "netBorrowings": -1298000000, "totalCashFromFinancingActivities": -1904000000, "changeToOperatingActivities": -198000000, "issuanceOfStock": 11000000, "netIncome": 107000000, "changeInCash": -125000000, "repurchaseOfStock": -5000000, "effectOfExchangeRate": -1000000, "totalCashFromOperatingActivities": 1044000000, "depreciation": 446000000, "otherCashflowsFromInvestingActivities": 5000000, "dividendsPaid": -391000000, "changeToInventory": 131000000, "changeToAccountReceivables": 311000000, "otherCashflowsFromFinancingActivities": -210000000, "changeToNetincome": 356000000, "capitalExpenditures": -265000000}, "2018-12-31": {"changeToLiabilities": -309000000, "totalCashflowsFromInvestingActivities": 4807000000, "netBorrowings": -3484000000, "totalCashFromFinancingActivities": -5454000000, "changeToOperatingActivities": -259000000, "issuanceOfStock": 11000000, "netIncome": -6942000000, "changeInCash": 10000000, "repurchaseOfStock": -1525000000, "effectOfExchangeRate": -23000000, "totalCashFromOperatingActivities": 680000000, "depreciation": 372000000, "otherCashflowsFromInvestingActivities": 58000000, "dividendsPaid": -435000000, "changeToInventory": 126000000, "changeToAccountReceivables": 162000000, "otherCashflowsFromFinancingActivities": -10000000, "changeToNetincome": 7530000000, "capitalExpenditures": -384000000}}, "quarterly": {"2022-06-30": {"changeToLiabilities": 81000000, "totalCashflowsFromInvestingActivities": -60000000, "netBorrowings": 371000000, "totalCashFromFinancingActivities": 208000000, "changeToOperatingActivities": -55000000, "netIncome": 204000000, "changeInCash": -41000000, "repurchaseOfStock": -50000000, "effectOfExchangeRate": -11000000, "totalCashFromOperatingActivities": -178000000, "depreciation": 71000000, "otherCashflowsFromInvestingActivities": 10000000, "dividendsPaid": -95000000, "changeToInventory": -278000000, "changeToAccountReceivables": -191000000, "otherCashflowsFromFinancingActivities": -18000000, "changeToNetincome": -10000000, "capitalExpenditures": -70000000}, "2022-03-31": {"changeToLiabilities": 25000000, "totalCashflowsFromInvestingActivities": 559000000, "netBorrowings": -1000000, "totalCashFromFinancingActivities": -393000000, "changeToOperatingActivities": -426000000, "netIncome": 234000000, "changeInCash": -98000000, "repurchaseOfStock": -275000000, "effectOfExchangeRate": 8000000, "totalCashFromOperatingActivities": -272000000, "depreciation": 76000000, "otherCashflowsFromInvestingActivities": 9000000, "dividendsPaid": -100000000, "changeToInventory": -403000000, "changeToAccountReceivables": 14000000, "otherCashflowsFromFinancingActivities": -17000000, "changeToNetincome": 208000000, "capitalExpenditures": -70000000}, "2021-12-31": {"changeToLiabilities": -17000000, "totalCashflowsFromInvestingActivities": -88000000, "netBorrowings": -251000000, "totalCashFromFinancingActivities": -343000000, "changeToOperatingActivities": -81000000, "issuanceOfStock": 13000000, "netIncome": 96000000, "changeInCash": -40000000, "repurchaseOfStock": -275000000, "effectOfExchangeRate": -3000000, "totalCashFromOperatingActivities": 394000000, "depreciation": 81000000, "otherCashflowsFromInvestingActivities": 20000000, "dividendsPaid": -98000000, "changeToInventory": 92000000, "changeToAccountReceivables": 174000000, "otherCashflowsFromFinancingActivities": -7000000, "changeToNetincome": 49000000, "capitalExpenditures": -108000000}, "2021-09-30": {"changeToLiabilities": 140000000, "totalCashflowsFromInvestingActivities": -71000000, "netBorrowings": -352000000, "totalCashFromFinancingActivities": -466000000, "changeToOperatingActivities": 94000000, "issuanceOfStock": 10000000, "netIncome": 190000000, "changeInCash": -131000000, "repurchaseOfStock": -275000000, "effectOfExchangeRate": -8000000, "totalCashFromOperatingActivities": 414000000, "depreciation": 78000000, "otherCashflowsFromInvestingActivities": -8000000, "dividendsPaid": -98000000, "changeToInventory": -102000000, "changeToAccountReceivables": 6000000, "otherCashflowsFromFinancingActivities": -26000000, "changeToNetincome": 8000000, "capitalExpenditures": -67000000}}}}}