{"PH": {"balance": {"annual": {"2022-06-30": {"intangibleAssets": 3135817000, "totalLiab": 17084023000, "totalStockholderEquity": 8848011000, "minorityInterest": 11909000, "otherCurrentLiab": 250292000, "totalAssets": 25943943000, "commonStock": 8848011000, "otherLiab": 1468880000, "goodWill": 7740082000, "otherAssets": 110585000, "cash": 535799000, "totalCurrentLiabilities": 5859318000, "deferredLongTermAssetCharges": 110585000, "propertyPlantEquipment": 2122758000, "totalCurrentAssets": 12046644000, "longTermInvestments": 788057000, "netTangibleAssets": -2027888000, "shortTermInvestments": 27862000, "netReceivables": 2885261000, "longTermDebt": 9755825000, "inventory": 2214553000, "accountsPayable": 1731925000}, "2021-06-30": {"intangibleAssets": 3519797000, "capitalSurplus": 329619000, "totalLiab": 11927530000, "totalStockholderEquity": 8398307000, "minorityInterest": 15363000, "otherCurrentLiab": 297931000, "totalAssets": 20341200000, "commonStock": 90523000, "otherCurrentAssets": 5486000, "retainedEarnings": 14915497000, "otherLiab": 2155070000, "goodWill": 8059687000, "treasuryStock": -6937332000, "otherAssets": 106135000, "cash": 733117000, "totalCurrentLiabilities": 3096503000, "deferredLongTermAssetCharges": 104251000, "shortLongTermDebt": 2819000, "otherStockholderEquity": -1566727000, "propertyPlantEquipment": 2398356000, "totalCurrentAssets": 5616750000, "longTermInvestments": 640475000, "netTangibleAssets": -3181177000, "shortTermInvestments": 39116000, "netReceivables": 2538613000, "longTermDebt": 6582053000, "inventory": 2090642000, "accountsPayable": 1667878000}, "2020-06-30": {"intangibleAssets": 3798913000, "capitalSurplus": 416585000, "totalLiab": 13645983000, "totalStockholderEquity": 6227224000, "minorityInterest": 14546000, "otherCurrentLiab": 250727000, "totalAssets": 19887753000, "commonStock": 90523000, "otherCurrentAssets": 7561000, "retainedEarnings": 13643907000, "otherLiab": 2748908000, "goodWill": 7869935000, "treasuryStock": -7923791000, "otherAssets": 128336000, "cash": 685514000, "totalCurrentLiabilities": 3148373000, "deferredLongTermAssetCharges": 126839000, "shortLongTermDebt": 86029000, "otherStockholderEquity": -2558875000, "propertyPlantEquipment": 2431336000, "totalCurrentAssets": 5034768000, "longTermInvestments": 624465000, "netTangibleAssets": -5441624000, "shortTermInvestments": 70805000, "netReceivables": 2122534000, "longTermDebt": 7652256000, "inventory": 1964195000, "accountsPayable": 1111759000}, "2019-06-30": {"intangibleAssets": 1783277000, "capitalSurplus": 462086000, "totalLiab": 11608538000, "totalStockholderEquity": 5961969000, "minorityInterest": 6183000, "otherCurrentLiab": 236492000, "totalAssets": 17576690000, "commonStock": 90523000, "otherCurrentAssets": 13699000, "retainedEarnings": 12777538000, "otherLiab": 1935934000, "goodWill": 5453805000, "treasuryStock": -7368178000, "otherAssets": 176308000, "cash": 3219767000, "totalCurrentLiabilities": 3151773000, "deferredLongTermAssetCharges": 150462000, "shortLongTermDebt": 228000, "otherStockholderEquity": -2059048000, "propertyPlantEquipment": 1768287000, "totalCurrentAssets": 7673086000, "longTermInvestments": 721927000, "netTangibleAssets": -1275113000, "shortTermInvestments": 150931000, "netReceivables": 2450789000, "longTermDebt": 6520831000, "inventory": 1678132000, "accountsPayable": 1413155000}}, "quarterly": {"2022-06-30": {"intangibleAssets": 3135817000, "totalLiab": 17084023000, "totalStockholderEquity": 8848011000, "minorityInterest": 11909000, "otherCurrentLiab": 250292000, "totalAssets": 25943943000, "commonStock": 8848011000, "otherLiab": 1468880000, "goodWill": 7740082000, "otherAssets": 110585000, "cash": 535799000, "totalCurrentLiabilities": 5859318000, "deferredLongTermAssetCharges": 110585000, "propertyPlantEquipment": 2122758000, "totalCurrentAssets": 12046644000, "longTermInvestments": 788057000, "netTangibleAssets": -2027888000, "shortTermInvestments": 27862000, "netReceivables": 2885261000, "longTermDebt": 9755825000, "inventory": 2214553000, "accountsPayable": 1731925000}, "2022-03-31": {"intangibleAssets": 3254062000, "capitalSurplus": 363367000, "totalLiab": 13572461000, "totalStockholderEquity": 8959866000, "minorityInterest": 12993000, "otherCurrentLiab": 738205000, "totalAssets": 22545320000, "commonStock": 90523000, "otherCurrentAssets": 30634000, "retainedEarnings": 15704238000, "otherLiab": 1936143000, "goodWill": 7954835000, "treasuryStock": -7198262000, "otherAssets": 145057000, "cash": 467711000, "totalCurrentLiabilities": 5406664000, "deferredLongTermAssetCharges": 144506000, "otherStockholderEquity": -1531260000, "propertyPlantEquipment": 2174237000, "totalCurrentAssets": 8229694000, "longTermInvestments": 787435000, "netTangibleAssets": -2249031000, "shortTermInvestments": 38561000, "netReceivables": 2678928000, "longTermDebt": 6229654000, "inventory": 2330242000, "accountsPayable": 1732421000}, "2021-12-31": {"intangibleAssets": 3343612000, "capitalSurplus": 344312000, "totalLiab": 13627195000, "totalStockholderEquity": 8755082000, "minorityInterest": 13198000, "otherCurrentLiab": 496209000, "totalAssets": 22395475000, "commonStock": 90523000, "otherCurrentAssets": 19716000, "retainedEarnings": 15488764000, "otherLiab": 2119179000, "goodWill": 7999901000, "treasuryStock": -7168517000, "otherAssets": 149136000, "cash": 449481000, "totalCurrentLiabilities": 5257491000, "deferredLongTermAssetCharges": 146567000, "otherStockholderEquity": -1545093000, "propertyPlantEquipment": 2202932000, "totalCurrentAssets": 7907649000, "longTermInvestments": 792245000, "netTangibleAssets": -2588431000, "shortTermInvestments": 40511000, "netReceivables": 2360259000, "longTermDebt": 6250525000, "inventory": 2307306000, "accountsPayable": 1597025000}, "2021-09-30": {"intangibleAssets": 3426540000, "capitalSurplus": 358677000, "totalLiab": 11731026000, "totalStockholderEquity": 8490781000, "minorityInterest": 15064000, "otherCurrentLiab": 334284000, "totalAssets": 20236871000, "commonStock": 90523000, "otherCurrentAssets": 10485000, "retainedEarnings": 15233799000, "otherLiab": 2183842000, "goodWill": 8009340000, "treasuryStock": -7192218000, "otherAssets": 148443000, "cash": 478582000, "totalCurrentLiabilities": 3283243000, "deferredLongTermAssetCharges": 145972000, "otherStockholderEquity": -1605490000, "propertyPlantEquipment": 2223534000, "totalCurrentAssets": 5631274000, "longTermInvestments": 797740000, "netTangibleAssets": -2945099000, "shortTermInvestments": 40160000, "netReceivables": 2440885000, "longTermDebt": 6263941000, "inventory": 2264725000, "accountsPayable": 1636272000}}}, "income": {"annual": {"2022-06-30": {"researchDevelopment": null, "effectOfAccountingCharges": null, "incomeBeforeTax": 1614226000, "minorityInterest": 11909000, "netIncome": 1315605000, "sellingGeneralAdministrative": 1627116000, "grossProfit": 4474341000, "ebit": 2847225000, "operatingIncome": 2847225000, "otherOperatingExpenses": null, "interestExpense": -255252000, "extraordinaryItems": null, "nonRecurring": null, "otherItems": null, "incomeTaxExpense": 298040000, "totalRevenue": 15861608000, "totalOperatingExpenses": 13014383000, "costOfRevenue": 11387267000, "totalOtherIncomeExpenseNet": -1232999000, "discontinuedOperations": null, "netIncomeFromContinuingOps": 1316186000, "netIncomeApplicableToCommonShares": 1315605000}, "2021-06-30": {"researchDevelopment": null, "effectOfAccountingCharges": null, "incomeBeforeTax": 2246957000, "minorityInterest": 15363000, "netIncome": 1746100000, "sellingGeneralAdministrative": 1553302000, "grossProfit": 3932960000, "ebit": 2379658000, "operatingIncome": 2379658000, "otherOperatingExpenses": null, "interestExpense": -250036000, "extraordinaryItems": null, "nonRecurring": null, "otherItems": null, "incomeTaxExpense": 500096000, "totalRevenue": 14347640000, "totalOperatingExpenses": 11967982000, "costOfRevenue": 10414680000, "totalOtherIncomeExpenseNet": -132701000, "discontinuedOperations": null, "netIncomeFromContinuingOps": 1746861000, "netIncomeApplicableToCommonShares": 1746100000}, "2020-06-30": {"researchDevelopment": null, "effectOfAccountingCharges": null, "incomeBeforeTax": 1506854000, "minorityInterest": 14546000, "netIncome": 1201970000, "sellingGeneralAdministrative": 1548339000, "grossProfit": 3532229000, "ebit": 1983890000, "operatingIncome": 1983890000, "otherOperatingExpenses": null, "interestExpense": -308161000, "extraordinaryItems": null, "nonRecurring": null, "otherItems": null, "incomeTaxExpense": 304522000, "totalRevenue": 13695520000, "totalOperatingExpenses": 11711630000, "costOfRevenue": 10163291000, "totalOtherIncomeExpenseNet": -477036000, "discontinuedOperations": null, "netIncomeFromContinuingOps": 1202332000, "netIncomeApplicableToCommonShares": 1201970000}, "2019-06-30": {"researchDevelopment": null, "effectOfAccountingCharges": null, "incomeBeforeTax": 1949475000, "minorityInterest": 6183000, "netIncome": 1524516000, "sellingGeneralAdministrative": 1568725000, "grossProfit": 3646004000, "ebit": 2077279000, "operatingIncome": 2077279000, "otherOperatingExpenses": null, "interestExpense": -190138000, "extraordinaryItems": null, "nonRecurring": null, "otherItems": null, "incomeTaxExpense": 424392000, "totalRevenue": 14320324000, "totalOperatingExpenses": 12243045000, "costOfRevenue": 10674320000, "totalOtherIncomeExpenseNet": -127804000, "discontinuedOperations": null, "netIncomeFromContinuingOps": 1525083000, "netIncomeApplicableToCommonShares": 1524516000}}, "quarterly": {"2022-06-30": {"researchDevelopment": null, "effectOfAccountingCharges": null, "incomeBeforeTax": 118168000, "minorityInterest": 11909000, "netIncome": 128831000, "sellingGeneralAdministrative": 426210000, "grossProfit": 1207178000, "ebit": 780968000, "operatingIncome": 780968000, "otherOperatingExpenses": null, "interestExpense": -71270000, "extraordinaryItems": null, "nonRecurring": null, "otherItems": null, "incomeTaxExpense": -10738000, "totalRevenue": 4187832000, "totalOperatingExpenses": 3406864000, "costOfRevenue": 2980654000, "totalOtherIncomeExpenseNet": -662800000, "discontinuedOperations": null, "netIncomeFromContinuingOps": 128906000, "netIncomeApplicableToCommonShares": 128831000}, "2022-03-31": {"researchDevelopment": null, "effectOfAccountingCharges": null, "incomeBeforeTax": 433989000, "minorityInterest": 12993000, "netIncome": 348017000, "sellingGeneralAdministrative": 412728000, "grossProfit": 1160153000, "ebit": 747425000, "operatingIncome": 747425000, "otherOperatingExpenses": null, "interestExpense": -63272000, "extraordinaryItems": null, "nonRecurring": null, "otherItems": null, "incomeTaxExpense": 85901000, "totalRevenue": 4086387000, "totalOperatingExpenses": 3338962000, "costOfRevenue": 2926234000, "totalOtherIncomeExpenseNet": -313436000, "discontinuedOperations": null, "netIncomeFromContinuingOps": 348088000, "netIncomeApplicableToCommonShares": 348017000}, "2021-12-31": {"researchDevelopment": null, "effectOfAccountingCharges": null, "incomeBeforeTax": 490324000, "minorityInterest": 13198000, "netIncome": 387600000, "sellingGeneralAdministrative": 372343000, "grossProfit": 1061855000, "ebit": 689512000, "operatingIncome": 689512000, "otherOperatingExpenses": null, "interestExpense": -61360000, "extraordinaryItems": null, "nonRecurring": null, "otherItems": null, "incomeTaxExpense": 102595000, "totalRevenue": 3824580000, "totalOperatingExpenses": 3135068000, "costOfRevenue": 2762725000, "totalOtherIncomeExpenseNet": -199188000, "discontinuedOperations": null, "netIncomeFromContinuingOps": 387729000, "netIncomeApplicableToCommonShares": 387600000}, "2021-09-30": {"researchDevelopment": null, "effectOfAccountingCharges": null, "incomeBeforeTax": 571745000, "minorityInterest": 15064000, "netIncome": 451157000, "sellingGeneralAdministrative": 390633000, "grossProfit": 1050912000, "ebit": 660279000, "operatingIncome": 660279000, "otherOperatingExpenses": null, "interestExpense": -59350000, "extraordinaryItems": null, "nonRecurring": null, "otherItems": null, "incomeTaxExpense": 120282000, "totalRevenue": 3762809000, "totalOperatingExpenses": 3102530000, "costOfRevenue": 2711897000, "totalOtherIncomeExpenseNet": -88534000, "discontinuedOperations": null, "netIncomeFromContinuingOps": 451463000, "netIncomeApplicableToCommonShares": 451157000}}}, "cash": {"annual": {"2022-06-30": {"investments": 3914000, "changeToLiabilities": 0, "totalCashflowsFromInvestingActivities": -418837000, "netBorrowings": 5001345000, "totalCashFromFinancingActivities": 3915636000, "changeToOperatingActivities": 1003270000, "netIncome": 1315605000, "changeInCash": 5914759000, "repurchaseOfStock": -457225000, "effectOfExchangeRate": -23770000, "totalCashFromOperatingActivities": 2441730000, "depreciation": 571764000, "otherCashflowsFromInvestingActivities": -235426000, "dividendsPaid": -569855000, "changeToAccountReceivables": -259876000, "otherCashflowsFromFinancingActivities": -58629000, "changeToNetincome": -189033000, "capitalExpenditures": -230044000}, "2021-06-30": {"investments": 44610000, "changeToLiabilities": 526781000, "totalCashflowsFromInvestingActivities": -13000, "netBorrowings": -1934031000, "totalCashFromFinancingActivities": -2623339000, "changeToOperatingActivities": 113584000, "issuanceOfStock": 4684000, "netIncome": 1746100000, "changeInCash": 47603000, "repurchaseOfStock": -218818000, "effectOfExchangeRate": 95954000, "totalCashFromOperatingActivities": 2575001000, "depreciation": 595390000, "otherCashflowsFromInvestingActivities": 24744000, "dividendsPaid": -474510000, "changeToInventory": -85597000, "changeToAccountReceivables": -298511000, "otherCashflowsFromFinancingActivities": -664000, "changeToNetincome": -59298000, "capitalExpenditures": -209957000}, "2020-06-30": {"investments": 80741000, "changeToLiabilities": -370765000, "totalCashflowsFromInvestingActivities": -5023993000, "netBorrowings": 1117774000, "totalCashFromFinancingActivities": 449310000, "changeToOperatingActivities": -241967000, "issuanceOfStock": 2623000, "netIncome": 1201970000, "changeInCash": -2534253000, "repurchaseOfStock": -216049000, "effectOfExchangeRate": -30519000, "totalCashFromOperatingActivities": 2070949000, "depreciation": 537531000, "otherCashflowsFromInvestingActivities": 177576000, "dividendsPaid": -453213000, "changeToInventory": 206937000, "changeToAccountReceivables": 578853000, "otherCashflowsFromFinancingActivities": -1825000, "changeToNetincome": 127472000, "capitalExpenditures": -232591000}, "2019-06-30": {"investments": -106872000, "changeToLiabilities": -12397000, "totalCashflowsFromInvestingActivities": -218510000, "netBorrowings": 2172351000, "totalCashFromFinancingActivities": 902306000, "changeToOperatingActivities": -270887000, "issuanceOfStock": 2475000, "netIncome": 1524516000, "changeInCash": 2397630000, "repurchaseOfStock": -860052000, "effectOfExchangeRate": -16306000, "totalCashFromOperatingActivities": 1730140000, "depreciation": 436189000, "otherCashflowsFromInvestingActivities": 19223000, "dividendsPaid": -412404000, "changeToInventory": -67867000, "changeToAccountReceivables": 2452000, "otherCashflowsFromFinancingActivities": -64000, "changeToNetincome": 148727000, "capitalExpenditures": -195089000}}, "quarterly": {"2022-06-30": {"investments": 6264000, "changeToLiabilities": -91531000, "totalCashflowsFromInvestingActivities": -293075000, "netBorrowings": 3378903000, "totalCashFromFinancingActivities": 3116378000, "changeToOperatingActivities": 738543000, "netIncome": 128831000, "changeInCash": 3692719000, "repurchaseOfStock": -84795000, "effectOfExchangeRate": -23876000, "totalCashFromOperatingActivities": 893292000, "depreciation": 139442000, "otherCashflowsFromInvestingActivities": -238192000, "dividendsPaid": -171822000, "changeToInventory": 274717000, "changeToAccountReceivables": -95976000, "otherCashflowsFromFinancingActivities": -5908000, "changeToNetincome": -156468000, "capitalExpenditures": -71180000}, "2022-03-31": {"investments": -5942000, "changeToLiabilities": 144858000, "totalCashflowsFromInvestingActivities": -51395000, "netBorrowings": -278402000, "totalCashFromFinancingActivities": -466410000, "changeToOperatingActivities": 344130000, "issuanceOfStock": 365000, "netIncome": 348017000, "changeInCash": 18292000, "repurchaseOfStock": -55283000, "effectOfExchangeRate": -6872000, "totalCashFromOperatingActivities": 542969000, "depreciation": 142697000, "otherCashflowsFromInvestingActivities": -23000, "dividendsPaid": -132477000, "changeToInventory": -31408000, "changeToAccountReceivables": -313055000, "otherCashflowsFromFinancingActivities": -613000, "changeToNetincome": -73631000, "capitalExpenditures": -53258000}, "2021-12-31": {"investments": 5736000, "changeToLiabilities": -32962000, "totalCashflowsFromInvestingActivities": -32420000, "netBorrowings": 1901439000, "totalCashFromFinancingActivities": 1686618000, "changeToOperatingActivities": 54307000, "issuanceOfStock": 1112000, "netIncome": 387600000, "changeInCash": 2243283000, "repurchaseOfStock": -73893000, "effectOfExchangeRate": 7975000, "totalCashFromOperatingActivities": 581110000, "depreciation": 144103000, "otherCashflowsFromInvestingActivities": 2140000, "dividendsPaid": -132701000, "changeToInventory": -52530000, "changeToAccountReceivables": 75085000, "otherCashflowsFromFinancingActivities": -9339000, "changeToNetincome": -10806000, "capitalExpenditures": -57403000}, "2021-09-30": {"investments": -2144000, "changeToLiabilities": -20365000, "totalCashflowsFromInvestingActivities": -41947000, "netBorrowings": -595000, "totalCashFromFinancingActivities": -420950000, "changeToOperatingActivities": -133710000, "issuanceOfStock": 1089000, "netIncome": 451157000, "changeInCash": -39535000, "repurchaseOfStock": -245820000, "effectOfExchangeRate": -997000, "totalCashFromOperatingActivities": 424359000, "depreciation": 145522000, "otherCashflowsFromInvestingActivities": 649000, "dividendsPaid": -132855000, "changeToInventory": -190779000, "changeToAccountReceivables": 74070000, "otherCashflowsFromFinancingActivities": -42769000, "changeToNetincome": 51872000, "capitalExpenditures": -48203000}}}}, "BALL": {"balance": {"annual": {"2021-12-31": {"intangibleAssets": 1688000000, "totalLiab": 16029000000, "totalStockholderEquity": 3627000000, "minorityInterest": 58000000, "otherCurrentLiab": 750000000, "totalAssets": 19714000000, "commonStock": 1220000000, "otherCurrentAssets": 305000000, "retainedEarnings": 6843000000, "otherLiab": 2014000000, "goodWill": 4378000000, "treasuryStock": -4436000000, "otherAssets": 1319000000, "cash": 563000000, "totalCurrentLiabilities": 5953000000, "deferredLongTermAssetCharges": 126000000, "shortLongTermDebt": 1000000, "otherStockholderEquity": -582000000, "propertyPlantEquipment": 6922000000, "totalCurrentAssets": 5223000000, "longTermInvestments": 184000000, "netTangibleAssets": -2439000000, "netReceivables": 2560000000, "longTermDebt": 7710000000, "inventory": 1795000000, "accountsPayable": 4759000000}, "2020-12-31": {"intangibleAssets": 1883000000, "totalLiab": 14915000000, "totalStockholderEquity": 3275000000, "minorityInterest": 62000000, "otherCurrentLiab": 587000000, "totalAssets": 18252000000, "commonStock": 1167000000, "otherCurrentAssets": 218000000, "retainedEarnings": 6192000000, "otherLiab": 2456000000, "goodWill": 4484000000, "treasuryStock": -4084000000, "otherAssets": 1236000000, "cash": 1366000000, "totalCurrentLiabilities": 4444000000, "deferredLongTermAssetCharges": 227000000, "shortLongTermDebt": 1000000, "otherStockholderEquity": -954000000, "propertyPlantEquipment": 5653000000, "totalCurrentAssets": 4675000000, "longTermInvestments": 321000000, "netTangibleAssets": -3092000000, "netReceivables": 1738000000, "longTermDebt": 7773000000, "inventory": 1353000000, "accountsPayable": 3430000000}, "2019-12-31": {"intangibleAssets": 2002000000, "totalLiab": 14341000000, "totalStockholderEquity": 2949000000, "minorityInterest": 70000000, "otherCurrentLiab": 618000000, "totalAssets": 17360000000, "commonStock": 1178000000, "otherCurrentAssets": 181000000, "retainedEarnings": 5803000000, "otherLiab": 2246000000, "goodWill": 4419000000, "treasuryStock": -4032000000, "otherAssets": 1055000000, "cash": 1798000000, "totalCurrentLiabilities": 5577000000, "deferredLongTermAssetCharges": 241000000, "shortLongTermDebt": 1454000000, "otherStockholderEquity": -910000000, "propertyPlantEquipment": 4709000000, "totalCurrentAssets": 4884000000, "longTermInvestments": 291000000, "netTangibleAssets": -3472000000, "netReceivables": 1631000000, "longTermDebt": 6337000000, "inventory": 1274000000, "accountsPayable": 3136000000}, "2018-12-31": {"intangibleAssets": 2188000000, "totalLiab": 12992000000, "totalStockholderEquity": 3458000000, "minorityInterest": 104000000, "otherCurrentLiab": 492000000, "totalAssets": 16554000000, "commonStock": 1157000000, "otherCurrentAssets": 146000000, "retainedEarnings": 5341000000, "otherLiab": 2387000000, "goodWill": 4475000000, "treasuryStock": -3040000000, "otherAssets": 1107000000, "cash": 721000000, "totalCurrentLiabilities": 4095000000, "deferredLongTermAssetCharges": 237000000, "shortLongTermDebt": 8000000, "otherStockholderEquity": -835000000, "propertyPlantEquipment": 4542000000, "totalCurrentAssets": 3940000000, "longTermInvestments": 302000000, "netTangibleAssets": -3205000000, "netReceivables": 1802000000, "longTermDebt": 6510000000, "inventory": 1271000000, "accountsPayable": 3095000000}}, "quarterly": {"2022-06-30": {"intangibleAssets": 1474000000, "totalLiab": 17393000000, "totalStockholderEquity": 3465000000, "minorityInterest": 68000000, "otherCurrentLiab": 878000000, "totalAssets": 20926000000, "commonStock": 1232000000, "otherCurrentAssets": 401000000, "retainedEarnings": 6987000000, "otherLiab": 1700000000, "goodWill": 4350000000, "treasuryStock": -4754000000, "otherAssets": 1337000000, "cash": 480000000, "totalCurrentLiabilities": 6483000000, "deferredLongTermAssetCharges": 104000000, "shortLongTermDebt": 16000000, "otherStockholderEquity": -346000000, "propertyPlantEquipment": 7069000000, "totalCurrentAssets": 6493000000, "longTermInvestments": 203000000, "netTangibleAssets": -2359000000, "netReceivables": 3139000000, "longTermDebt": 8836000000, "inventory": 2473000000, "accountsPayable": 4991000000}, "2022-03-31": {"intangibleAssets": 1627000000, "totalLiab": 16969000000, "totalStockholderEquity": 3898000000, "minorityInterest": 59000000, "otherCurrentLiab": 805000000, "totalAssets": 20926000000, "commonStock": 1226000000, "otherCurrentAssets": 418000000, "retainedEarnings": 7224000000, "otherLiab": 1858000000, "goodWill": 4324000000, "treasuryStock": -4552000000, "otherAssets": 1353000000, "cash": 437000000, "totalCurrentLiabilities": 6486000000, "deferredLongTermAssetCharges": 88000000, "shortLongTermDebt": 2000000, "otherStockholderEquity": -611000000, "propertyPlantEquipment": 7126000000, "totalCurrentAssets": 6306000000, "longTermInvestments": 190000000, "netTangibleAssets": -2053000000, "netReceivables": 3128000000, "longTermDebt": 8253000000, "inventory": 2323000000, "accountsPayable": 5026000000}, "2021-12-31": {"intangibleAssets": 1688000000, "totalLiab": 16029000000, "totalStockholderEquity": 3627000000, "minorityInterest": 58000000, "otherCurrentLiab": 750000000, "totalAssets": 19714000000, "commonStock": 1220000000, "otherCurrentAssets": 305000000, "retainedEarnings": 6843000000, "otherLiab": 2014000000, "goodWill": 4378000000, "treasuryStock": -4436000000, "otherAssets": 1319000000, "cash": 563000000, "totalCurrentLiabilities": 5953000000, "deferredLongTermAssetCharges": 126000000, "shortLongTermDebt": 1000000, "otherStockholderEquity": -582000000, "propertyPlantEquipment": 6922000000, "totalCurrentAssets": 5223000000, "longTermInvestments": 184000000, "netTangibleAssets": -2439000000, "netReceivables": 2560000000, "longTermDebt": 7710000000, "inventory": 1795000000, "accountsPayable": 4759000000}, "2021-09-30": {"intangibleAssets": 1732000000, "totalLiab": 16367000000, "totalStockholderEquity": 3704000000, "minorityInterest": 61000000, "otherCurrentLiab": 716000000, "totalAssets": 20132000000, "commonStock": 1209000000, "otherCurrentAssets": 344000000, "retainedEarnings": 6611000000, "otherLiab": 2152000000, "goodWill": 4407000000, "treasuryStock": -4116000000, "otherAssets": 1318000000, "cash": 1446000000, "totalCurrentLiabilities": 6131000000, "deferredLongTermAssetCharges": 154000000, "shortLongTermDebt": 736000000, "otherStockholderEquity": -653000000, "propertyPlantEquipment": 6576000000, "totalCurrentAssets": 5917000000, "longTermInvestments": 182000000, "netTangibleAssets": -2435000000, "netReceivables": 2489000000, "longTermDebt": 7747000000, "inventory": 1638000000, "accountsPayable": 4210000000}}}, "income": {"annual": {"2021-12-31": {"researchDevelopment": null, "effectOfAccountingCharges": null, "incomeBeforeTax": 1034000000, "minorityInterest": 58000000, "netIncome": 878000000, "sellingGeneralAdministrative": 593000000, "grossProfit": 2726000000, "ebit": 1433000000, "operatingIncome": 1433000000, "otherOperatingExpenses": null, "interestExpense": -270000000, "extraordinaryItems": null, "nonRecurring": null, "otherItems": null, "incomeTaxExpense": 156000000, "totalRevenue": 13811000000, "totalOperatingExpenses": 12378000000, "costOfRevenue": 11085000000, "totalOtherIncomeExpenseNet": -399000000, "discontinuedOperations": null, "netIncomeFromContinuingOps": 878000000, "netIncomeApplicableToCommonShares": 878000000}, "2020-12-31": {"researchDevelopment": null, "effectOfAccountingCharges": null, "incomeBeforeTax": 681000000, "minorityInterest": 62000000, "netIncome": 585000000, "sellingGeneralAdministrative": 525000000, "grossProfit": 2458000000, "ebit": 1265000000, "operatingIncome": 1265000000, "otherOperatingExpenses": null, "interestExpense": -275000000, "extraordinaryItems": null, "nonRecurring": null, "otherItems": null, "incomeTaxExpense": 99000000, "totalRevenue": 11781000000, "totalOperatingExpenses": 10516000000, "costOfRevenue": 9323000000, "totalOtherIncomeExpenseNet": -584000000, "discontinuedOperations": null, "netIncomeFromContinuingOps": 582000000, "netIncomeApplicableToCommonShares": 585000000}, "2019-12-31": {"researchDevelopment": null, "effectOfAccountingCharges": null, "incomeBeforeTax": 607000000, "minorityInterest": 70000000, "netIncome": 566000000, "sellingGeneralAdministrative": 417000000, "grossProfit": 2271000000, "ebit": 1176000000, "operatingIncome": 1176000000, "otherOperatingExpenses": null, "interestExpense": -317000000, "extraordinaryItems": null, "nonRecurring": null, "otherItems": null, "incomeTaxExpense": 71000000, "totalRevenue": 11474000000, "totalOperatingExpenses": 10298000000, "costOfRevenue": 9203000000, "totalOtherIncomeExpenseNet": -569000000, "discontinuedOperations": null, "netIncomeFromContinuingOps": 536000000, "netIncomeApplicableToCommonShares": 566000000}, "2018-12-31": {"researchDevelopment": null, "effectOfAccountingCharges": null, "incomeBeforeTax": 638000000, "minorityInterest": 104000000, "netIncome": 454000000, "sellingGeneralAdministrative": 478000000, "grossProfit": 2306000000, "ebit": 1126000000, "operatingIncome": 1126000000, "otherOperatingExpenses": null, "interestExpense": -301000000, "extraordinaryItems": null, "nonRecurring": null, "otherItems": null, "incomeTaxExpense": 185000000, "totalRevenue": 11635000000, "totalOperatingExpenses": 10509000000, "costOfRevenue": 9329000000, "totalOtherIncomeExpenseNet": -488000000, "discontinuedOperations": null, "netIncomeFromContinuingOps": 453000000, "netIncomeApplicableToCommonShares": 454000000}}, "quarterly": {"2022-06-30": {"researchDevelopment": null, "effectOfAccountingCharges": null, "incomeBeforeTax": -164000000, "minorityInterest": 68000000, "netIncome": -174000000, "sellingGeneralAdministrative": 161000000, "grossProfit": 689000000, "ebit": 360000000, "operatingIncome": 360000000, "otherOperatingExpenses": null, "interestExpense": -68000000, "extraordinaryItems": null, "nonRecurring": null, "otherItems": null, "incomeTaxExpense": 1000000, "totalRevenue": 4134000000, "totalOperatingExpenses": 3774000000, "costOfRevenue": 3445000000, "totalOtherIncomeExpenseNet": -524000000, "discontinuedOperations": null, "netIncomeFromContinuingOps": -165000000, "netIncomeApplicableToCommonShares": -174000000}, "2022-03-31": {"researchDevelopment": null, "effectOfAccountingCharges": null, "incomeBeforeTax": 547000000, "minorityInterest": 59000000, "netIncome": 446000000, "sellingGeneralAdministrative": 186000000, "grossProfit": 700000000, "ebit": 329000000, "operatingIncome": 329000000, "otherOperatingExpenses": null, "interestExpense": -69000000, "extraordinaryItems": null, "nonRecurring": null, "otherItems": null, "incomeTaxExpense": 100000000, "totalRevenue": 3716000000, "totalOperatingExpenses": 3387000000, "costOfRevenue": 3016000000, "totalOtherIncomeExpenseNet": 218000000, "discontinuedOperations": null, "netIncomeFromContinuingOps": 447000000, "netIncomeApplicableToCommonShares": 446000000}, "2021-12-31": {"researchDevelopment": null, "effectOfAccountingCharges": null, "incomeBeforeTax": 307000000, "minorityInterest": 58000000, "netIncome": 297000000, "sellingGeneralAdministrative": 122000000, "grossProfit": 693000000, "ebit": 386000000, "operatingIncome": 386000000, "otherOperatingExpenses": null, "interestExpense": -69000000, "extraordinaryItems": null, "nonRecurring": null, "otherItems": null, "incomeTaxExpense": 10000000, "totalRevenue": 3674000000, "totalOperatingExpenses": 3288000000, "costOfRevenue": 2981000000, "totalOtherIncomeExpenseNet": -79000000, "discontinuedOperations": null, "netIncomeFromContinuingOps": 297000000, "netIncomeApplicableToCommonShares": 297000000}, "2021-09-30": {"researchDevelopment": null, "effectOfAccountingCharges": null, "incomeBeforeTax": 177000000, "minorityInterest": 61000000, "netIncome": 179000000, "sellingGeneralAdministrative": 148000000, "grossProfit": 702000000, "ebit": 379000000, "operatingIncome": 379000000, "otherOperatingExpenses": null, "interestExpense": -68000000, "extraordinaryItems": null, "nonRecurring": null, "otherItems": null, "incomeTaxExpense": -2000000, "totalRevenue": 3553000000, "totalOperatingExpenses": 3174000000, "costOfRevenue": 2851000000, "totalOtherIncomeExpenseNet": -202000000, "discontinuedOperations": null, "netIncomeFromContinuingOps": 179000000, "netIncomeApplicableToCommonShares": 179000000}}}, "cash": {"annual": {"2021-12-31": {"changeToLiabilities": 1312000000, "totalCashflowsFromInvestingActivities": -1639000000, "netBorrowings": 98000000, "totalCashFromFinancingActivities": -894000000, "changeToOperatingActivities": 134000000, "issuanceOfStock": 47000000, "netIncome": 878000000, "changeInCash": -802000000, "repurchaseOfStock": -766000000, "effectOfExchangeRate": -29000000, "totalCashFromOperatingActivities": 1760000000, "depreciation": 700000000, "otherCashflowsFromInvestingActivities": -25000000, "dividendsPaid": -229000000, "changeToInventory": -464000000, "changeToAccountReceivables": -863000000, "otherCashflowsFromFinancingActivities": -44000000, "changeToNetincome": 63000000, "capitalExpenditures": -1726000000}, "2020-12-31": {"changeToLiabilities": 66000000, "totalCashflowsFromInvestingActivities": -1181000000, "netBorrowings": -262000000, "totalCashFromFinancingActivities": -602000000, "changeToOperatingActivities": 54000000, "issuanceOfStock": 47000000, "netIncome": 585000000, "changeInCash": -425000000, "repurchaseOfStock": -75000000, "effectOfExchangeRate": -74000000, "totalCashFromOperatingActivities": 1432000000, "depreciation": 668000000, "otherCashflowsFromInvestingActivities": 18000000, "dividendsPaid": -198000000, "changeToInventory": -64000000, "changeToAccountReceivables": -135000000, "otherCashflowsFromFinancingActivities": -67000000, "changeToNetincome": 258000000, "capitalExpenditures": -1113000000}, "2019-12-31": {"changeToLiabilities": 72000000, "totalCashflowsFromInvestingActivities": -422000000, "netBorrowings": 1112000000, "totalCashFromFinancingActivities": -46000000, "changeToOperatingActivities": 156000000, "issuanceOfStock": 19000000, "netIncome": 566000000, "changeInCash": 1078000000, "repurchaseOfStock": -964000000, "effectOfExchangeRate": -2000000, "totalCashFromOperatingActivities": 1548000000, "depreciation": 678000000, "otherCashflowsFromInvestingActivities": 16000000, "dividendsPaid": -182000000, "changeToInventory": -45000000, "changeToAccountReceivables": 49000000, "otherCashflowsFromFinancingActivities": -31000000, "changeToNetincome": 72000000, "capitalExpenditures": -598000000}, "2018-12-31": {"changeToLiabilities": 592000000, "totalCashflowsFromInvestingActivities": -206000000, "netBorrowings": -178000000, "totalCashFromFinancingActivities": -1040000000, "changeToOperatingActivities": -264000000, "issuanceOfStock": 28000000, "netIncome": 454000000, "changeInCash": 269000000, "repurchaseOfStock": -739000000, "effectOfExchangeRate": -51000000, "totalCashFromOperatingActivities": 1566000000, "depreciation": 702000000, "otherCashflowsFromInvestingActivities": 71000000, "dividendsPaid": -137000000, "changeToInventory": -248000000, "changeToAccountReceivables": -17000000, "otherCashflowsFromFinancingActivities": -14000000, "changeToNetincome": 347000000, "capitalExpenditures": -816000000}}, "quarterly": {"2022-06-30": {"changeToLiabilities": 0, "totalCashflowsFromInvestingActivities": -450000000, "netBorrowings": 664000000, "totalCashFromFinancingActivities": 119000000, "changeToOperatingActivities": 21000000, "issuanceOfStock": 11000000, "netIncome": -174000000, "changeInCash": 60000000, "repurchaseOfStock": -480000000, "effectOfExchangeRate": -15000000, "totalCashFromOperatingActivities": 406000000, "depreciation": 168000000, "otherCashflowsFromInvestingActivities": 7000000, "dividendsPaid": -63000000, "otherCashflowsFromFinancingActivities": -13000000, "changeToNetincome": 391000000, "capitalExpenditures": -457000000}, "2022-03-31": {"changeToLiabilities": 0, "totalCashflowsFromInvestingActivities": -46000000, "netBorrowings": 877000000, "totalCashFromFinancingActivities": 715000000, "changeToOperatingActivities": -1004000000, "issuanceOfStock": 1000000, "netIncome": 446000000, "changeInCash": -133000000, "repurchaseOfStock": -98000000, "effectOfExchangeRate": 2000000, "totalCashFromOperatingActivities": -804000000, "depreciation": 185000000, "otherCashflowsFromInvestingActivities": 18000000, "dividendsPaid": -65000000, "otherCashflowsFromFinancingActivities": -13000000, "changeToNetincome": -431000000, "capitalExpenditures": -362000000}, "2021-12-31": {"changeToLiabilities": 1312000000, "totalCashflowsFromInvestingActivities": -535000000, "netBorrowings": -748000000, "totalCashFromFinancingActivities": -1221000000, "changeToOperatingActivities": 382000000, "issuanceOfStock": 16000000, "netIncome": 297000000, "changeInCash": -879000000, "repurchaseOfStock": -410000000, "effectOfExchangeRate": -7000000, "totalCashFromOperatingActivities": 884000000, "depreciation": 185000000, "otherCashflowsFromInvestingActivities": -14000000, "dividendsPaid": -65000000, "changeToInventory": -464000000, "changeToAccountReceivables": -863000000, "otherCashflowsFromFinancingActivities": -14000000, "changeToNetincome": 35000000, "capitalExpenditures": -522000000}, "2021-09-30": {"changeToLiabilities": 0, "totalCashflowsFromInvestingActivities": -368000000, "netBorrowings": 841000000, "totalCashFromFinancingActivities": 549000000, "changeToOperatingActivities": 248000000, "issuanceOfStock": 13000000, "netIncome": 179000000, "changeInCash": 872000000, "repurchaseOfStock": -210000000, "effectOfExchangeRate": -17000000, "totalCashFromOperatingActivities": 708000000, "depreciation": 175000000, "otherCashflowsFromInvestingActivities": -31000000, "dividendsPaid": -65000000, "changeToInventory": -464000000, "changeToAccountReceivables": -863000000, "otherCashflowsFromFinancingActivities": -30000000, "changeToNetincome": 106000000, "capitalExpenditures": -447000000}}}}, "SWK": {"balance": {"annual": {"2022-01-01": {"intangibleAssets": 4699500000, "capitalSurplus": 4999200000, "totalLiab": 16587600000, "totalStockholderEquity": 10970200000, "minorityInterest": 1900000, "otherCurrentLiab": 1224400000, "totalAssets": 28180000000, "commonStock": 442300000, "otherCurrentAssets": 868000000, "retainedEarnings": 8742400000, "otherLiab": 3139000000, "goodWill": 8784200000, "treasuryStock": -3213700000, "otherAssets": 3389500000, "cash": 142300000, "totalCurrentLiabilities": 8767400000, "shortLongTermDebt": 3200000, "otherStockholderEquity": -1845600000, "propertyPlantEquipment": 2780400000, "totalCurrentAssets": 8526400000, "netTangibleAssets": -2513500000, "netReceivables": 1560800000, "longTermDebt": 4353600000, "inventory": 5446800000, "accountsPayable": 3438900000}, "2021-01-02": {"intangibleAssets": 3837700000, "capitalSurplus": 4967800000, "totalLiab": 12499900000, "totalStockholderEquity": 9689300000, "minorityInterest": 6800000, "otherCurrentLiab": 892600000, "totalAssets": 23566300000, "commonStock": 442300000, "otherCurrentAssets": 663900000, "retainedEarnings": 7542200000, "otherLiab": 3356500000, "goodWill": 8086500000, "treasuryStock": -3263000000, "otherAssets": 3195300000, "cash": 1241900000, "totalCurrentLiabilities": 4558300000, "shortLongTermDebt": 90900000, "otherStockholderEquity": -1713700000, "propertyPlantEquipment": 2410800000, "totalCurrentAssets": 6036000000, "netTangibleAssets": -2234900000, "netReceivables": 1164500000, "longTermDebt": 4245400000, "inventory": 2638900000, "accountsPayable": 2320000000}, "2019-12-28": {"intangibleAssets": 3622000000, "capitalSurplus": 4492900000, "totalLiab": 11454400000, "totalStockholderEquity": 7636300000, "minorityInterest": 5900000, "otherCurrentLiab": 841800000, "totalAssets": 20596600000, "commonStock": 442300000, "otherCurrentAssets": 53900000, "retainedEarnings": 6772800000, "otherLiab": 3831800000, "goodWill": 9237500000, "treasuryStock": -4071700000, "otherAssets": 786000000, "cash": 297700000, "totalCurrentLiabilities": 4405700000, "shortLongTermDebt": 3100000, "otherStockholderEquity": -1886900000, "propertyPlantEquipment": 2494500000, "totalCurrentAssets": 4456600000, "netTangibleAssets": -5223200000, "netReceivables": 1454600000, "longTermDebt": 3216900000, "inventory": 2255000000, "accountsPayable": 2087800000}, "2018-12-29": {"intangibleAssets": 3484400000, "capitalSurplus": 4621000000, "totalLiab": 11568100000, "totalStockholderEquity": 7086200000, "minorityInterest": 3700000, "otherCurrentLiab": 347900000, "totalAssets": 19408000000, "commonStock": 442300000, "otherCurrentAssets": 58900000, "retainedEarnings": 6219000000, "otherLiab": 3746700000, "goodWill": 8956700000, "treasuryStock": -4196100000, "otherAssets": 482300000, "cash": 288700000, "totalCurrentLiabilities": 4001600000, "shortLongTermDebt": 2500000, "otherStockholderEquity": -1824800000, "propertyPlantEquipment": 1915200000, "totalCurrentAssets": 4569400000, "netTangibleAssets": -5354900000, "netReceivables": 1607800000, "longTermDebt": 3819800000, "inventory": 2373500000, "accountsPayable": 2233200000}}, "quarterly": {"2022-07-02": {"intangibleAssets": 4572700000, "capitalSurplus": 5027300000, "totalLiab": 20279500000, "totalStockholderEquity": 8459500000, "minorityInterest": 2100000, "otherCurrentLiab": 518100000, "totalAssets": 29361400000, "commonStock": 442300000, "otherCurrentAssets": 956100000, "retainedEarnings": 8775000000, "otherLiab": 2759400000, "goodWill": 8459100000, "treasuryStock": -5785100000, "otherAssets": 3647700000, "cash": 282300000, "totalCurrentLiabilities": 11760700000, "shortLongTermDebt": 1200000, "otherStockholderEquity": -2151000000, "propertyPlantEquipment": 2709100000, "totalCurrentAssets": 9972800000, "netTangibleAssets": -4572300000, "netReceivables": 1592100000, "longTermDebt": 5351800000, "inventory": 6635500000, "accountsPayable": 3138800000}, "2022-04-02": {"intangibleAssets": 4640300000, "capitalSurplus": 4705500000, "totalLiab": 20003900000, "totalStockholderEquity": 8732500000, "minorityInterest": 2000000, "otherCurrentLiab": 512600000, "totalAssets": 29358700000, "commonStock": 442300000, "otherCurrentAssets": 965400000, "retainedEarnings": 8801400000, "otherLiab": 3693400000, "goodWill": 8597000000, "treasuryStock": -5216700000, "otherAssets": 3599500000, "cash": 165800000, "totalCurrentLiabilities": 10955000000, "shortLongTermDebt": 1200000, "otherStockholderEquity": -1873300000, "propertyPlantEquipment": 2785700000, "totalCurrentAssets": 9736200000, "netTangibleAssets": -4504800000, "netReceivables": 1842000000, "longTermDebt": 5355500000, "inventory": 6267700000, "accountsPayable": 3367700000}, "2022-01-01": {"intangibleAssets": 4699500000, "capitalSurplus": 4999200000, "totalLiab": 16587600000, "totalStockholderEquity": 10970200000, "minorityInterest": 1900000, "otherCurrentLiab": 1224400000, "totalAssets": 28180000000, "commonStock": 442300000, "otherCurrentAssets": 868000000, "retainedEarnings": 8742400000, "otherLiab": 3139000000, "goodWill": 8784200000, "treasuryStock": -3213700000, "otherAssets": 3389500000, "cash": 142300000, "totalCurrentLiabilities": 8767400000, "shortLongTermDebt": 3200000, "otherStockholderEquity": -1845600000, "propertyPlantEquipment": 2780400000, "totalCurrentAssets": 8526400000, "netTangibleAssets": -2513500000, "netReceivables": 1560800000, "longTermDebt": 4353600000, "inventory": 5446800000, "accountsPayable": 3438900000}, "2021-10-02": {"intangibleAssets": 3892900000, "capitalSurplus": 4842300000, "totalLiab": 13008400000, "totalStockholderEquity": 10566300000, "minorityInterest": 1900000, "otherCurrentLiab": 104400000, "totalAssets": 24326600000, "commonStock": 442300000, "otherCurrentAssets": 41000000, "retainedEarnings": 8546800000, "otherLiab": 2745600000, "goodWill": 9944100000, "treasuryStock": -3265100000, "otherAssets": 1100300000, "cash": 292700000, "totalCurrentLiabilities": 5580800000, "shortLongTermDebt": 60600000, "otherStockholderEquity": -1874800000, "propertyPlantEquipment": 2512900000, "totalCurrentAssets": 6876400000, "netTangibleAssets": -3270700000, "netReceivables": 1989000000, "longTermDebt": 4246900000, "inventory": 4134400000, "accountsPayable": 3055700000}}}, "income": {"annual": {"2022-01-01": {"researchDevelopment": null, "effectOfAccountingCharges": null, "incomeBeforeTax": 1660000000, "minorityInterest": 1900000, "netIncome": 1689200000, "sellingGeneralAdministrative": 3052000000, "grossProfit": 5233200000, "ebit": 2016900000, "operatingIncome": 2016900000, "otherOperatingExpenses": 160400000, "interestExpense": -185400000, "extraordinaryItems": null, "nonRecurring": null, "otherItems": null, "incomeTaxExpense": 61400000, "totalRevenue": 15617200000, "totalOperatingExpenses": 13600300000, "costOfRevenue": 10384000000, "totalOtherIncomeExpenseNet": -356900000, "discontinuedOperations": 88900000, "netIncomeFromContinuingOps": 1598600000, "netIncomeApplicableToCommonShares": 1675000000}, "2021-01-02": {"researchDevelopment": null, "effectOfAccountingCharges": null, "incomeBeforeTax": 1228900000, "minorityInterest": 6800000, "netIncome": 1233800000, "sellingGeneralAdministrative": 2476300000, "grossProfit": 4467100000, "ebit": 1841800000, "operatingIncome": 1841800000, "otherOperatingExpenses": 120000000, "interestExpense": -222600000, "extraordinaryItems": null, "nonRecurring": null, "otherItems": null, "incomeTaxExpense": 43000000, "totalRevenue": 13057700000, "totalOperatingExpenses": 11215900000, "costOfRevenue": 8590600000, "totalOtherIncomeExpenseNet": -612900000, "discontinuedOperations": 48800000, "netIncomeFromContinuingOps": 1185900000, "netIncomeApplicableToCommonShares": 1209700000}, "2019-12-28": {"researchDevelopment": null, "effectOfAccountingCharges": null, "incomeBeforeTax": 1083200000, "minorityInterest": 5900000, "netIncome": 955800000, "sellingGeneralAdministrative": 2470800000, "grossProfit": 4261400000, "ebit": 1560700000, "operatingIncome": 1560700000, "otherOperatingExpenses": 203600000, "interestExpense": -282200000, "extraordinaryItems": null, "nonRecurring": null, "otherItems": null, "incomeTaxExpense": 126800000, "totalRevenue": 12912900000, "totalOperatingExpenses": 11352200000, "costOfRevenue": 8651500000, "totalOtherIncomeExpenseNet": -477500000, "discontinuedOperations": 1600000, "netIncomeFromContinuingOps": 956400000, "netIncomeApplicableToCommonShares": 954000000}, "2018-12-29": {"researchDevelopment": null, "effectOfAccountingCharges": null, "incomeBeforeTax": 1022100000, "minorityInterest": 3700000, "netIncome": 605200000, "sellingGeneralAdministrative": 2985900000, "grossProfit": 4916800000, "ebit": 1692000000, "operatingIncome": 1692000000, "otherOperatingExpenses": 210900000, "interestExpense": -277900000, "extraordinaryItems": null, "nonRecurring": null, "otherItems": null, "incomeTaxExpense": 416300000, "totalRevenue": 13982400000, "totalOperatingExpenses": 12290400000, "costOfRevenue": 9065600000, "totalOtherIncomeExpenseNet": -669900000, "discontinuedOperations": 1600000, "netIncomeFromContinuingOps": 605800000, "netIncomeApplicableToCommonShares": 605200000}}, "quarterly": {"2022-07-02": {"researchDevelopment": null, "effectOfAccountingCharges": null, "incomeBeforeTax": 15900000, "minorityInterest": 2100000, "netIncome": 87600000, "sellingGeneralAdministrative": 816500000, "grossProfit": 1223700000, "ebit": 335800000, "operatingIncome": 335800000, "otherOperatingExpenses": 68100000, "interestExpense": -78200000, "extraordinaryItems": null, "nonRecurring": null, "otherItems": null, "incomeTaxExpense": -62800000, "totalRevenue": 4393000000, "totalOperatingExpenses": 4057200000, "costOfRevenue": 3169300000, "totalOtherIncomeExpenseNet": -319900000, "discontinuedOperations": 9000000, "netIncomeFromContinuingOps": 78700000, "netIncomeApplicableToCommonShares": 87600000}, "2022-04-02": {"researchDevelopment": null, "effectOfAccountingCharges": null, "incomeBeforeTax": 178500000, "minorityInterest": 2000000, "netIncome": 175300000, "sellingGeneralAdministrative": 870300000, "grossProfit": 1394200000, "ebit": 449400000, "operatingIncome": 449400000, "otherOperatingExpenses": 63400000, "interestExpense": -54700000, "extraordinaryItems": null, "nonRecurring": null, "otherItems": null, "incomeTaxExpense": 22900000, "totalRevenue": 4448000000, "totalOperatingExpenses": 3998600000, "costOfRevenue": 3053800000, "totalOtherIncomeExpenseNet": -270900000, "discontinuedOperations": 19800000, "netIncomeFromContinuingOps": 155600000, "netIncomeApplicableToCommonShares": 175300000}, "2022-01-01": {"researchDevelopment": null, "effectOfAccountingCharges": null, "incomeBeforeTax": 163900000, "minorityInterest": 1900000, "netIncome": 328200000, "sellingGeneralAdministrative": 814600000, "grossProfit": 1180700000, "ebit": 309700000, "operatingIncome": 309700000, "otherOperatingExpenses": 56400000, "interestExpense": -43800000, "extraordinaryItems": null, "nonRecurring": null, "otherItems": null, "incomeTaxExpense": -127600000, "totalRevenue": 4068300000, "totalOperatingExpenses": 3758600000, "costOfRevenue": 2887600000, "totalOtherIncomeExpenseNet": -145800000, "discontinuedOperations": 36700000, "netIncomeFromContinuingOps": 291500000, "netIncomeApplicableToCommonShares": 328200000}, "2021-10-02": {"researchDevelopment": null, "effectOfAccountingCharges": null, "incomeBeforeTax": 413700000, "minorityInterest": 1900000, "netIncome": 414200000, "sellingGeneralAdministrative": 871200000, "grossProfit": 1396500000, "ebit": 485700000, "operatingIncome": 485700000, "otherOperatingExpenses": 36000000, "interestExpense": -45800000, "extraordinaryItems": null, "nonRecurring": null, "otherItems": null, "incomeTaxExpense": -400000, "totalRevenue": 4263200000, "totalOperatingExpenses": 3777500000, "costOfRevenue": 2866700000, "totalOtherIncomeExpenseNet": -72000000, "discontinuedOperations": 36700000, "netIncomeFromContinuingOps": 414100000, "netIncomeApplicableToCommonShares": 414600000}}}, "cash": {"annual": {"2022-01-01": {"investments": -15400000, "changeToLiabilities": 760200000, "totalCashflowsFromInvestingActivities": -2623800000, "netBorrowings": 2223100000, "totalCashFromFinancingActivities": 918700000, "changeToOperatingActivities": 76100000, "issuanceOfStock": 131400000, "netIncome": 1689200000, "changeInCash": -1103500000, "repurchaseOfStock": -34300000, "effectOfExchangeRate": -61500000, "totalCashFromOperatingActivities": 663100000, "depreciation": 577100000, "otherCashflowsFromInvestingActivities": -59200000, "dividendsPaid": -493700000, "changeToInventory": -1970400000, "changeToAccountReceivables": -280600000, "otherCashflowsFromFinancingActivities": -157800000, "changeToNetincome": -188500000, "capitalExpenditures": -519100000}, "2021-01-02": {"investments": -18700000, "changeToLiabilities": 310100000, "totalCashflowsFromInvestingActivities": -1577100000, "netBorrowings": 725600000, "totalCashFromFinancingActivities": 615900000, "changeToOperatingActivities": 306800000, "issuanceOfStock": 147000000, "netIncome": 1233800000, "changeInCash": 1083700000, "repurchaseOfStock": -26200000, "effectOfExchangeRate": 22800000, "totalCashFromOperatingActivities": 2022100000, "depreciation": 578100000, "otherCashflowsFromInvestingActivities": 35100000, "dividendsPaid": -450600000, "changeToInventory": -401500000, "changeToAccountReceivables": -39600000, "otherCashflowsFromFinancingActivities": -529900000, "changeToNetincome": 34400000, "capitalExpenditures": -348100000}, "2019-12-28": {"investments": -260600000, "changeToLiabilities": -160600000, "totalCashflowsFromInvestingActivities": -1208600000, "netBorrowings": -671900000, "totalCashFromFinancingActivities": -292500000, "changeToOperatingActivities": -237000000, "issuanceOfStock": 881000000, "netIncome": 955800000, "changeInCash": 3200000, "repurchaseOfStock": -27500000, "effectOfExchangeRate": -1400000, "totalCashFromOperatingActivities": 1505700000, "depreciation": 560200000, "otherCashflowsFromInvestingActivities": -14600000, "dividendsPaid": -402000000, "changeToInventory": 137700000, "changeToAccountReceivables": 137800000, "otherCashflowsFromFinancingActivities": -72100000, "changeToNetincome": 111800000, "capitalExpenditures": -424700000}, "2018-12-29": {"investments": -21700000, "changeToLiabilities": 212500000, "totalCashflowsFromInvestingActivities": -989100000, "netBorrowings": 445700000, "totalCashFromFinancingActivities": -561600000, "changeToOperatingActivities": 70400000, "issuanceOfStock": 38500000, "netIncome": 605200000, "changeInCash": -343700000, "repurchaseOfStock": -527100000, "effectOfExchangeRate": -53900000, "totalCashFromOperatingActivities": 1260900000, "depreciation": 506500000, "otherCashflowsFromInvestingActivities": 7100000, "dividendsPaid": -384900000, "changeToInventory": -401600000, "changeToAccountReceivables": -48800000, "otherCashflowsFromFinancingActivities": -133800000, "changeToNetincome": 316700000, "capitalExpenditures": -492100000}}, "quarterly": {"2022-07-02": {"investments": -9200000, "changeToLiabilities": 0, "totalCashflowsFromInvestingActivities": -154300000, "netBorrowings": 744400000, "totalCashFromFinancingActivities": 608200000, "changeToOperatingActivities": -843200000, "issuanceOfStock": 5900000, "netIncome": 87600000, "changeInCash": -12400000, "repurchaseOfStock": -1100000, "effectOfExchangeRate": -22400000, "totalCashFromOperatingActivities": -443900000, "depreciation": 143400000, "otherCashflowsFromInvestingActivities": 3500000, "dividendsPaid": -114000000, "otherCashflowsFromFinancingActivities": -27000000, "changeToNetincome": 168300000, "capitalExpenditures": -145700000}, "2022-04-02": {"investments": -100000, "changeToLiabilities": 0, "totalCashflowsFromInvestingActivities": -163400000, "netBorrowings": 3839600000, "totalCashFromFinancingActivities": 1425400000, "changeToOperatingActivities": -1560200000, "issuanceOfStock": 13700000, "netIncome": 175300000, "changeInCash": 25700000, "repurchaseOfStock": -2313000000, "effectOfExchangeRate": 4800000, "totalCashFromOperatingActivities": -1241100000, "depreciation": 143700000, "otherCashflowsFromInvestingActivities": 4000000, "dividendsPaid": -116300000, "otherCashflowsFromFinancingActivities": 1400000, "changeToNetincome": 100000, "capitalExpenditures": -139800000}, "2022-01-01": {"investments": -900000, "changeToLiabilities": 0, "totalCashflowsFromInvestingActivities": -2223200000, "netBorrowings": 2072400000, "totalCashFromFinancingActivities": 1842700000, "changeToOperatingActivities": -117300000, "issuanceOfStock": 23300000, "netIncome": 328200000, "changeInCash": -8600000, "repurchaseOfStock": -14200000, "effectOfExchangeRate": 4800000, "totalCashFromOperatingActivities": 371900000, "depreciation": 146500000, "otherCashflowsFromInvestingActivities": -1200000, "dividendsPaid": -127100000, "otherCashflowsFromFinancingActivities": -111700000, "changeToNetincome": 14500000, "capitalExpenditures": -196600000}, "2021-10-02": {"investments": -3500000, "changeToLiabilities": 0, "totalCashflowsFromInvestingActivities": -143000000, "netBorrowings": 149600000, "totalCashFromFinancingActivities": 7800000, "changeToOperatingActivities": -543900000, "issuanceOfStock": 7700000, "netIncome": 414200000, "changeInCash": -146100000, "repurchaseOfStock": -2800000, "effectOfExchangeRate": -15500000, "totalCashFromOperatingActivities": 4600000, "depreciation": 144200000, "otherCashflowsFromInvestingActivities": -1100000, "dividendsPaid": -126000000, "otherCashflowsFromFinancingActivities": -20700000, "changeToNetincome": -9900000, "capitalExpenditures": -129100000}}}}, "SNA": {"balance": {"annual": {"2022-01-01": {"intangibleAssets": 301700000, "capitalSurplus": 472700000, "totalLiab": 2555900000, "totalStockholderEquity": 4181900000, "minorityInterest": 21900000, "otherCurrentLiab": 228300000, "totalAssets": 6759700000, "commonStock": 67400000, "otherCurrentAssets": 25700000, "retainedEarnings": 5699900000, "otherLiab": 352100000, "goodWill": 1116500000, "treasuryStock": -2058100000, "otherAssets": 212500000, "cash": 779900000, "totalCurrentLiabilities": 982200000, "deferredLongTermAssetCharges": 26500000, "otherStockholderEquity": -343900000, "propertyPlantEquipment": 566500000, "totalCurrentAssets": 3053400000, "netTangibleAssets": 2763700000, "netReceivables": 688100000, "inventory": 803800000, "accountsPayable": 276600000}, "2021-01-02": {"intangibleAssets": 260800000, "capitalSurplus": 391700000, "totalLiab": 2710700000, "totalStockholderEquity": 3824900000, "minorityInterest": 21700000, "otherCurrentLiab": 238700000, "totalAssets": 6557300000, "commonStock": 67400000, "otherCurrentAssets": 25700000, "retainedEarnings": 5156900000, "otherLiab": 322300000, "goodWill": 982400000, "treasuryStock": -1791100000, "otherAssets": 105600000, "cash": 923200000, "totalCurrentLiabilities": 1164900000, "deferredLongTermAssetCharges": 27600000, "otherStockholderEquity": -365800000, "propertyPlantEquipment": 574100000, "totalCurrentAssets": 3083000000, "longTermInvestments": 26100000, "netTangibleAssets": 2581700000, "netReceivables": 646700000, "inventory": 746500000, "accountsPayable": 222300000}, "2019-12-28": {"intangibleAssets": 243900000, "capitalSurplus": 379100000, "totalLiab": 2262700000, "totalStockholderEquity": 3409100000, "minorityInterest": 21700000, "otherCurrentLiab": 215400000, "totalAssets": 5693500000, "commonStock": 67400000, "otherCurrentAssets": 18700000, "retainedEarnings": 4779700000, "otherLiab": 320700000, "goodWill": 913800000, "treasuryStock": -1817100000, "otherAssets": 87200000, "cash": 184400000, "totalCurrentLiabilities": 947600000, "deferredLongTermAssetCharges": 32700000, "otherStockholderEquity": -507900000, "propertyPlantEquipment": 572700000, "totalCurrentAssets": 2380500000, "longTermInvestments": 23800000, "netTangibleAssets": 2251400000, "netReceivables": 700300000, "inventory": 760400000, "accountsPayable": 197300000}, "2018-12-29": {"intangibleAssets": 232900000, "capitalSurplus": 359400000, "totalLiab": 2254500000, "totalStockholderEquity": 3098800000, "minorityInterest": 19800000, "otherCurrentLiab": 210000000, "totalAssets": 5373100000, "commonStock": 67400000, "otherCurrentAssets": 17100000, "retainedEarnings": 4257600000, "otherLiab": 344400000, "goodWill": 902200000, "treasuryStock": -1585600000, "otherAssets": 76600000, "cash": 140500000, "totalCurrentLiabilities": 952000000, "deferredLongTermAssetCharges": 45800000, "otherStockholderEquity": -462200000, "propertyPlantEquipment": 493500000, "totalCurrentAssets": 2216900000, "longTermInvestments": 23100000, "netTangibleAssets": 1963700000, "netReceivables": 698700000, "inventory": 673800000, "accountsPayable": 199600000}}, "quarterly": {"2022-07-02": {"intangibleAssets": 283500000, "capitalSurplus": 488100000, "totalLiab": 2517500000, "totalStockholderEquity": 4324400000, "minorityInterest": 22400000, "otherCurrentLiab": 77500000, "totalAssets": 6864300000, "commonStock": 67400000, "retainedEarnings": 5996200000, "otherLiab": 305400000, "goodWill": 1046000000, "treasuryStock": -2227300000, "otherAssets": 229700000, "cash": 812600000, "totalCurrentLiabilities": 986100000, "deferredLongTermAssetCharges": 46200000, "otherStockholderEquity": -457700000, "propertyPlantEquipment": 556800000, "totalCurrentAssets": 3230700000, "netTangibleAssets": 2994900000, "netReceivables": 734600000, "inventory": 893300000, "accountsPayable": 306800000}, "2022-04-02": {"intangibleAssets": 295500000, "capitalSurplus": 474700000, "totalLiab": 2574600000, "totalStockholderEquity": 4298300000, "minorityInterest": 22300000, "otherCurrentLiab": 74800000, "totalAssets": 6895200000, "commonStock": 67400000, "retainedEarnings": 5841000000, "otherLiab": 331100000, "goodWill": 1077800000, "treasuryStock": -2084800000, "otherAssets": 233800000, "cash": 860800000, "totalCurrentLiabilities": 1024100000, "deferredLongTermAssetCharges": 48100000, "otherStockholderEquity": -350600000, "propertyPlantEquipment": 559600000, "totalCurrentAssets": 3236000000, "netTangibleAssets": 2925000000, "netReceivables": 736700000, "inventory": 864100000, "accountsPayable": 296900000}, "2022-01-01": {"intangibleAssets": 301700000, "capitalSurplus": 472700000, "totalLiab": 2555900000, "totalStockholderEquity": 4181900000, "minorityInterest": 21900000, "otherCurrentLiab": 228300000, "totalAssets": 6759700000, "commonStock": 67400000, "otherCurrentAssets": 25700000, "retainedEarnings": 5699900000, "otherLiab": 352100000, "goodWill": 1116500000, "treasuryStock": -2058100000, "otherAssets": 212500000, "cash": 779900000, "totalCurrentLiabilities": 982200000, "deferredLongTermAssetCharges": 26500000, "otherStockholderEquity": -343900000, "propertyPlantEquipment": 566500000, "totalCurrentAssets": 3053400000, "netTangibleAssets": 2763700000, "netReceivables": 688100000, "inventory": 803800000, "accountsPayable": 276600000}, "2021-10-02": {"intangibleAssets": 249600000, "capitalSurplus": 467700000, "totalLiab": 2511600000, "totalStockholderEquity": 4047300000, "minorityInterest": 22000000, "otherCurrentLiab": 89300000, "totalAssets": 6580900000, "commonStock": 67400000, "retainedEarnings": 5552800000, "otherLiab": 309000000, "goodWill": 1171000000, "treasuryStock": -2040600000, "otherAssets": 108600000, "cash": 735200000, "totalCurrentLiabilities": 979700000, "deferredLongTermAssetCharges": 25700000, "otherStockholderEquity": -394800000, "propertyPlantEquipment": 570000000, "totalCurrentAssets": 2974300000, "netTangibleAssets": 2626700000, "netReceivables": 659200000, "inventory": 789600000, "accountsPayable": 265900000}}}, "income": {"annual": {"2022-01-01": {"researchDevelopment": null, "effectOfAccountingCharges": null, "incomeBeforeTax": 1088400000, "minorityInterest": 21900000, "netIncome": 820500000, "sellingGeneralAdministrative": 1244100000, "grossProfit": 2382800000, "ebit": 1138700000, "operatingIncome": 1138700000, "otherOperatingExpenses": null, "interestExpense": -53000000, "extraordinaryItems": null, "nonRecurring": null, "otherItems": null, "incomeTaxExpense": 247000000, "totalRevenue": 4601700000, "totalOperatingExpenses": 3463000000, "costOfRevenue": 2218900000, "totalOtherIncomeExpenseNet": -50300000, "discontinuedOperations": null, "netIncomeFromContinuingOps": 841400000, "netIncomeApplicableToCommonShares": 820500000}, "2021-01-02": {"researchDevelopment": null, "effectOfAccountingCharges": null, "incomeBeforeTax": 835500000, "minorityInterest": 21700000, "netIncome": 627000000, "sellingGeneralAdministrative": 1100600000, "grossProfit": 2004200000, "ebit": 903600000, "operatingIncome": 903600000, "otherOperatingExpenses": null, "interestExpense": -53800000, "extraordinaryItems": null, "nonRecurring": null, "otherItems": null, "incomeTaxExpense": 189100000, "totalRevenue": 3942200000, "totalOperatingExpenses": 3038600000, "costOfRevenue": 1938000000, "totalOtherIncomeExpenseNet": -68100000, "discontinuedOperations": null, "netIncomeFromContinuingOps": 646400000, "netIncomeApplicableToCommonShares": 627000000}, "2019-12-28": {"researchDevelopment": null, "effectOfAccountingCharges": null, "incomeBeforeTax": 923000000, "minorityInterest": 21700000, "netIncome": 693500000, "sellingGeneralAdministrative": 1117200000, "grossProfit": 2089600000, "ebit": 972400000, "operatingIncome": 972400000, "otherOperatingExpenses": null, "interestExpense": -48800000, "extraordinaryItems": null, "nonRecurring": null, "otherItems": null, "incomeTaxExpense": 211800000, "totalRevenue": 4067700000, "totalOperatingExpenses": 3095300000, "costOfRevenue": 1978100000, "totalOtherIncomeExpenseNet": -49400000, "discontinuedOperations": null, "netIncomeFromContinuingOps": 711200000, "netIncomeApplicableToCommonShares": 693500000}, "2018-12-29": {"researchDevelopment": null, "effectOfAccountingCharges": null, "incomeBeforeTax": 910600000, "minorityInterest": 19800000, "netIncome": 679900000, "sellingGeneralAdministrative": 1140300000, "grossProfit": 2099900000, "ebit": 959600000, "operatingIncome": 959600000, "otherOperatingExpenses": null, "interestExpense": -50100000, "extraordinaryItems": null, "nonRecurring": null, "otherItems": null, "incomeTaxExpense": 214400000, "totalRevenue": 4070400000, "totalOperatingExpenses": 3110800000, "costOfRevenue": 1970500000, "totalOtherIncomeExpenseNet": -49000000, "discontinuedOperations": null, "netIncomeFromContinuingOps": 696200000, "netIncomeApplicableToCommonShares": 679900000}}, "quarterly": {"2022-07-02": {"researchDevelopment": null, "effectOfAccountingCharges": null, "incomeBeforeTax": 309500000, "minorityInterest": 22400000, "netIncome": 231500000, "sellingGeneralAdministrative": 297600000, "grossProfit": 618800000, "ebit": 321200000, "operatingIncome": 321200000, "otherOperatingExpenses": null, "interestExpense": -11700000, "extraordinaryItems": null, "nonRecurring": null, "otherItems": null, "incomeTaxExpense": 72300000, "totalRevenue": 1223000000, "totalOperatingExpenses": 901800000, "costOfRevenue": 604200000, "totalOtherIncomeExpenseNet": -11700000, "discontinuedOperations": null, "netIncomeFromContinuingOps": 237200000, "netIncomeApplicableToCommonShares": 231500000}, "2022-04-02": {"researchDevelopment": null, "effectOfAccountingCharges": null, "incomeBeforeTax": 290200000, "minorityInterest": 22300000, "netIncome": 217400000, "sellingGeneralAdministrative": 302400000, "grossProfit": 604700000, "ebit": 302300000, "operatingIncome": 302300000, "otherOperatingExpenses": null, "interestExpense": -11600000, "extraordinaryItems": null, "nonRecurring": null, "otherItems": null, "incomeTaxExpense": 67500000, "totalRevenue": 1185500000, "totalOperatingExpenses": 883200000, "costOfRevenue": 580800000, "totalOtherIncomeExpenseNet": -12100000, "discontinuedOperations": null, "netIncomeFromContinuingOps": 222700000, "netIncomeApplicableToCommonShares": 217400000}, "2022-01-01": {"researchDevelopment": null, "effectOfAccountingCharges": null, "incomeBeforeTax": 293200000, "minorityInterest": 21900000, "netIncome": 223700000, "sellingGeneralAdministrative": 297400000, "grossProfit": 600600000, "ebit": 303200000, "operatingIncome": 303200000, "otherOperatingExpenses": null, "interestExpense": -11300000, "extraordinaryItems": null, "nonRecurring": null, "otherItems": null, "incomeTaxExpense": 64100000, "totalRevenue": 1195200000, "totalOperatingExpenses": 892000000, "costOfRevenue": 594600000, "totalOtherIncomeExpenseNet": -10000000, "discontinuedOperations": null, "netIncomeFromContinuingOps": 229100000, "netIncomeApplicableToCommonShares": 223700000}, "2021-10-02": {"researchDevelopment": null, "effectOfAccountingCharges": null, "incomeBeforeTax": 262400000, "minorityInterest": 22000000, "netIncome": 196200000, "sellingGeneralAdministrative": 315600000, "grossProfit": 591300000, "ebit": 275700000, "operatingIncome": 275700000, "otherOperatingExpenses": null, "interestExpense": -13200000, "extraordinaryItems": null, "nonRecurring": null, "otherItems": null, "incomeTaxExpense": 60900000, "totalRevenue": 1125000000, "totalOperatingExpenses": 849300000, "costOfRevenue": 533700000, "totalOtherIncomeExpenseNet": -13300000, "discontinuedOperations": null, "netIncomeFromContinuingOps": 201500000, "netIncomeApplicableToCommonShares": 196200000}}}, "cash": {"annual": {"2022-01-01": {"changeToLiabilities": 56800000, "totalCashflowsFromInvestingActivities": -290400000, "netBorrowings": -246700000, "totalCashFromFinancingActivities": -818800000, "changeToOperatingActivities": 3600000, "issuanceOfStock": 162400000, "netIncome": 820500000, "changeInCash": -143400000, "repurchaseOfStock": -431300000, "effectOfExchangeRate": -800000, "totalCashFromOperatingActivities": 966600000, "depreciation": 93400000, "otherCashflowsFromInvestingActivities": 1200000, "dividendsPaid": -275800000, "changeToInventory": -75400000, "changeToAccountReceivables": -64500000, "otherCashflowsFromFinancingActivities": -27400000, "changeToNetincome": 120800000, "capitalExpenditures": -70100000}, "2021-01-02": {"changeToLiabilities": 17800000, "totalCashflowsFromInvestingActivities": -187800000, "netBorrowings": 302700000, "totalCashFromFinancingActivities": -84300000, "changeToOperatingActivities": 104100000, "issuanceOfStock": 55800000, "netIncome": 627000000, "changeInCash": 738900000, "repurchaseOfStock": -174300000, "effectOfExchangeRate": 2400000, "totalCashFromOperatingActivities": 1008600000, "depreciation": 86200000, "otherCashflowsFromInvestingActivities": 2200000, "dividendsPaid": -243300000, "changeToInventory": 34200000, "changeToAccountReceivables": 18000000, "otherCashflowsFromFinancingActivities": -25200000, "changeToNetincome": 110800000, "capitalExpenditures": -65600000}, "2019-12-28": {"changeToLiabilities": -2600000, "totalCashflowsFromInvestingActivities": -222100000, "netBorrowings": 17600000, "totalCashFromFinancingActivities": -409400000, "changeToOperatingActivities": -119900000, "issuanceOfStock": 51400000, "netIncome": 693500000, "changeInCash": 43600000, "repurchaseOfStock": -238400000, "effectOfExchangeRate": 500000, "totalCashFromOperatingActivities": 674600000, "depreciation": 82300000, "otherCashflowsFromInvestingActivities": 1800000, "dividendsPaid": -216600000, "changeToInventory": -97000000, "changeToAccountReceivables": -36600000, "otherCashflowsFromFinancingActivities": -23400000, "changeToNetincome": 144800000, "capitalExpenditures": -99400000}, "2018-12-29": {"changeToLiabilities": 27500000, "totalCashflowsFromInvestingActivities": -210200000, "netBorrowings": -57500000, "totalCashFromFinancingActivities": -502200000, "changeToOperatingActivities": -55600000, "issuanceOfStock": 55500000, "netIncome": 679900000, "changeInCash": 48900000, "repurchaseOfStock": -284100000, "effectOfExchangeRate": -3200000, "totalCashFromOperatingActivities": 764500000, "depreciation": 80700000, "otherCashflowsFromInvestingActivities": 900000, "dividendsPaid": -192000000, "changeToInventory": -38600000, "changeToAccountReceivables": -78600000, "otherCashflowsFromFinancingActivities": -24100000, "changeToNetincome": 135800000, "capitalExpenditures": -90900000}}, "quarterly": {"2022-07-02": {"changeToLiabilities": 18000000, "totalCashflowsFromInvestingActivities": -73800000, "netBorrowings": 500000, "totalCashFromFinancingActivities": -112200000, "changeToOperatingActivities": -69100000, "issuanceOfStock": 23400000, "netIncome": 231500000, "changeInCash": -48200000, "repurchaseOfStock": -53800000, "effectOfExchangeRate": -3000000, "totalCashFromOperatingActivities": 140800000, "depreciation": 25400000, "otherCashflowsFromInvestingActivities": 100000, "dividendsPaid": -75700000, "changeToInventory": -61700000, "changeToAccountReceivables": -19900000, "otherCashflowsFromFinancingActivities": -6600000, "changeToNetincome": 16600000, "capitalExpenditures": -21300000}, "2022-04-02": {"changeToLiabilities": 24100000, "totalCashflowsFromInvestingActivities": -6600000, "netBorrowings": 2300000, "totalCashFromFinancingActivities": -106300000, "changeToOperatingActivities": 7800000, "issuanceOfStock": 5800000, "netIncome": 217400000, "changeInCash": 81100000, "repurchaseOfStock": -28800000, "effectOfExchangeRate": 100000, "totalCashFromOperatingActivities": 193900000, "depreciation": 25700000, "otherCashflowsFromInvestingActivities": -300000, "dividendsPaid": -75700000, "changeToInventory": -61700000, "changeToAccountReceivables": -43400000, "otherCashflowsFromFinancingActivities": -9900000, "changeToNetincome": 24000000, "capitalExpenditures": -20200000}, "2022-01-01": {"changeToLiabilities": 8500000, "totalCashflowsFromInvestingActivities": -23800000, "netBorrowings": 300000, "totalCashFromFinancingActivities": -154100000, "changeToOperatingActivities": -20400000, "issuanceOfStock": 4000000, "netIncome": 223700000, "changeInCash": 44500000, "repurchaseOfStock": -75500000, "effectOfExchangeRate": -300000, "totalCashFromOperatingActivities": 222700000, "depreciation": 18300000, "otherCashflowsFromInvestingActivities": 1700000, "dividendsPaid": -76100000, "changeToInventory": -20800000, "changeToAccountReceivables": -28900000, "otherCashflowsFromFinancingActivities": -6800000, "changeToNetincome": 30900000, "capitalExpenditures": -16300000}, "2021-10-02": {"changeToLiabilities": -11200000, "totalCashflowsFromInvestingActivities": -29700000, "netBorrowings": -249900000, "totalCashFromFinancingActivities": -385800000, "changeToOperatingActivities": 26600000, "issuanceOfStock": 3600000, "netIncome": 196200000, "changeInCash": -230400000, "repurchaseOfStock": -66500000, "effectOfExchangeRate": -1300000, "totalCashFromOperatingActivities": 186400000, "depreciation": 24900000, "otherCashflowsFromInvestingActivities": -2200000, "dividendsPaid": -66300000, "changeToInventory": -38500000, "changeToAccountReceivables": -36100000, "otherCashflowsFromFinancingActivities": -6700000, "changeToNetincome": 24500000, "capitalExpenditures": -16200000}}}}, "MAS": {"balance": {"annual": {"2021-12-31": {"intangibleAssets": 388000000, "totalLiab": 5497000000, "totalStockholderEquity": -179000000, "minorityInterest": 257000000, "otherCurrentLiab": 121000000, "totalAssets": 5575000000, "commonStock": 241000000, "retainedEarnings": -652000000, "otherLiab": 437000000, "goodWill": 568000000, "treasuryStock": 232000000, "otherAssets": 89000000, "cash": 926000000, "totalCurrentLiabilities": 1939000000, "deferredLongTermAssetCharges": 57000000, "shortLongTermDebt": 7000000, "otherStockholderEquity": 232000000, "propertyPlantEquipment": 1083000000, "totalCurrentAssets": 3422000000, "longTermInvestments": 25000000, "netTangibleAssets": -1135000000, "netReceivables": 1172000000, "longTermDebt": 2926000000, "inventory": 1216000000, "accountsPayable": 1045000000}, "2020-12-31": {"intangibleAssets": 357000000, "totalLiab": 5356000000, "totalStockholderEquity": 195000000, "minorityInterest": 226000000, "otherCurrentLiab": 155000000, "totalAssets": 5777000000, "commonStock": 258000000, "retainedEarnings": 79000000, "otherLiab": 481000000, "goodWill": 563000000, "treasuryStock": -142000000, "otherAssets": 137000000, "cash": 1326000000, "totalCurrentLiabilities": 1934000000, "deferredLongTermAssetCharges": 109000000, "shortLongTermDebt": 1000000, "otherStockholderEquity": -142000000, "propertyPlantEquipment": 1074000000, "totalCurrentAssets": 3489000000, "longTermInvestments": 157000000, "netTangibleAssets": -725000000, "netReceivables": 1140000000, "longTermDebt": 2766000000, "inventory": 876000000, "accountsPayable": 893000000}, "2019-12-31": {"intangibleAssets": 259000000, "totalLiab": 5083000000, "totalStockholderEquity": -235000000, "minorityInterest": 179000000, "otherCurrentLiab": 282000000, "totalAssets": 5027000000, "commonStock": 276000000, "otherCurrentAssets": 173000000, "retainedEarnings": -332000000, "otherLiab": 602000000, "goodWill": 509000000, "treasuryStock": -179000000, "otherAssets": 483000000, "cash": 697000000, "totalCurrentLiabilities": 1548000000, "deferredLongTermAssetCharges": 99000000, "otherStockholderEquity": -179000000, "propertyPlantEquipment": 1054000000, "totalCurrentAssets": 2711000000, "longTermInvestments": 11000000, "netTangibleAssets": -1003000000, "netReceivables": 999000000, "longTermDebt": 2743000000, "inventory": 754000000, "accountsPayable": 697000000}, "2018-12-31": {"intangibleAssets": 288000000, "totalLiab": 5324000000, "totalStockholderEquity": -111000000, "minorityInterest": 180000000, "otherCurrentLiab": 421000000, "totalAssets": 5393000000, "commonStock": 294000000, "otherCurrentAssets": 342000000, "retainedEarnings": -278000000, "otherLiab": 669000000, "goodWill": 511000000, "treasuryStock": -127000000, "otherAssets": 931000000, "cash": 552000000, "totalCurrentLiabilities": 1684000000, "deferredLongTermAssetCharges": 42000000, "shortLongTermDebt": 8000000, "otherStockholderEquity": -127000000, "propertyPlantEquipment": 885000000, "totalCurrentAssets": 2766000000, "longTermInvestments": 12000000, "netTangibleAssets": -910000000, "netReceivables": 992000000, "longTermDebt": 2971000000, "inventory": 798000000, "accountsPayable": 736000000}}, "quarterly": {"2022-06-30": {"intangibleAssets": 369000000, "capitalSurplus": 7000000, "totalLiab": 6008000000, "totalStockholderEquity": -742000000, "minorityInterest": 201000000, "totalAssets": 5467000000, "commonStock": 225000000, "retainedEarnings": -1154000000, "otherLiab": 410000000, "goodWill": 554000000, "treasuryStock": 180000000, "otherAssets": 103000000, "cash": 440000000, "totalCurrentLiabilities": 2467000000, "shortLongTermDebt": 508000000, "otherStockholderEquity": 180000000, "propertyPlantEquipment": 1082000000, "totalCurrentAssets": 3359000000, "netTangibleAssets": -1665000000, "netReceivables": 1434000000, "longTermDebt": 2946000000, "inventory": 1354000000, "accountsPayable": 1128000000}, "2022-03-31": {"intangibleAssets": 379000000, "totalLiab": 5668000000, "totalStockholderEquity": -371000000, "minorityInterest": 271000000, "totalAssets": 5568000000, "commonStock": 236000000, "retainedEarnings": -833000000, "otherLiab": 407000000, "goodWill": 565000000, "treasuryStock": 226000000, "otherAssets": 109000000, "cash": 479000000, "totalCurrentLiabilities": 2136000000, "shortLongTermDebt": 273000000, "otherStockholderEquity": 226000000, "propertyPlantEquipment": 1087000000, "totalCurrentAssets": 3428000000, "netTangibleAssets": -1315000000, "netReceivables": 1502000000, "longTermDebt": 2946000000, "inventory": 1340000000, "accountsPayable": 1114000000}, "2021-12-31": {"intangibleAssets": 388000000, "totalLiab": 5497000000, "totalStockholderEquity": -179000000, "minorityInterest": 257000000, "otherCurrentLiab": 121000000, "totalAssets": 5575000000, "commonStock": 241000000, "retainedEarnings": -652000000, "otherLiab": 437000000, "goodWill": 568000000, "treasuryStock": 232000000, "otherAssets": 89000000, "cash": 926000000, "totalCurrentLiabilities": 1939000000, "deferredLongTermAssetCharges": 57000000, "shortLongTermDebt": 7000000, "otherStockholderEquity": 232000000, "propertyPlantEquipment": 1083000000, "totalCurrentAssets": 3422000000, "longTermInvestments": 25000000, "netTangibleAssets": -1135000000, "netReceivables": 1172000000, "longTermDebt": 2926000000, "inventory": 1216000000, "accountsPayable": 1045000000}, "2021-09-30": {"intangibleAssets": 395000000, "totalLiab": 5469000000, "totalStockholderEquity": -126000000, "minorityInterest": 252000000, "totalAssets": 5595000000, "commonStock": 243000000, "retainedEarnings": -595000000, "otherLiab": 485000000, "goodWill": 617000000, "treasuryStock": 226000000, "otherAssets": 121000000, "cash": 854000000, "totalCurrentLiabilities": 1879000000, "shortLongTermDebt": 10000000, "otherStockholderEquity": 226000000, "propertyPlantEquipment": 1058000000, "totalCurrentAssets": 3404000000, "netTangibleAssets": -1138000000, "netReceivables": 1330000000, "longTermDebt": 2950000000, "inventory": 1107000000, "accountsPayable": 1037000000}}}, "income": {"annual": {"2021-12-31": {"researchDevelopment": null, "effectOfAccountingCharges": null, "incomeBeforeTax": 688000000, "minorityInterest": 257000000, "netIncome": 410000000, "sellingGeneralAdministrative": 1843000000, "grossProfit": 2863000000, "ebit": 1020000000, "operatingIncome": 1020000000, "otherOperatingExpenses": null, "interestExpense": -278000000, "extraordinaryItems": null, "nonRecurring": null, "otherItems": null, "incomeTaxExpense": 210000000, "totalRevenue": 8375000000, "totalOperatingExpenses": 7355000000, "costOfRevenue": 5512000000, "totalOtherIncomeExpenseNet": -332000000, "discontinuedOperations": null, "netIncomeFromContinuingOps": 478000000, "netIncomeApplicableToCommonShares": 406000000}, "2020-12-31": {"researchDevelopment": null, "effectOfAccountingCharges": null, "incomeBeforeTax": 1131000000, "minorityInterest": 226000000, "netIncome": 1224000000, "sellingGeneralAdministrative": 1327000000, "grossProfit": 2587000000, "ebit": 1260000000, "operatingIncome": 1260000000, "otherOperatingExpenses": null, "interestExpense": -144000000, "extraordinaryItems": null, "nonRecurring": null, "otherItems": null, "incomeTaxExpense": 269000000, "totalRevenue": 7188000000, "totalOperatingExpenses": 5928000000, "costOfRevenue": 4601000000, "totalOtherIncomeExpenseNet": -129000000, "discontinuedOperations": 414000000, "netIncomeFromContinuingOps": 862000000, "netIncomeApplicableToCommonShares": 1215000000}, "2019-12-31": {"researchDevelopment": null, "effectOfAccountingCharges": null, "incomeBeforeTax": 914000000, "minorityInterest": 179000000, "netIncome": 935000000, "sellingGeneralAdministrative": 1295000000, "grossProfit": 2371000000, "ebit": 1076000000, "operatingIncome": 1076000000, "otherOperatingExpenses": null, "interestExpense": -159000000, "extraordinaryItems": null, "nonRecurring": null, "otherItems": null, "incomeTaxExpense": 230000000, "totalRevenue": 6707000000, "totalOperatingExpenses": 5631000000, "costOfRevenue": 4336000000, "totalOtherIncomeExpenseNet": -162000000, "discontinuedOperations": 296000000, "netIncomeFromContinuingOps": 684000000, "netIncomeApplicableToCommonShares": 929000000}, "2018-12-31": {"researchDevelopment": null, "effectOfAccountingCharges": null, "incomeBeforeTax": 907000000, "minorityInterest": 180000000, "netIncome": 734000000, "sellingGeneralAdministrative": 1264000000, "grossProfit": 2367000000, "ebit": 1103000000, "operatingIncome": 1103000000, "otherOperatingExpenses": null, "interestExpense": -156000000, "extraordinaryItems": null, "nonRecurring": null, "otherItems": null, "incomeTaxExpense": 221000000, "totalRevenue": 6654000000, "totalOperatingExpenses": 5551000000, "costOfRevenue": 4287000000, "totalOtherIncomeExpenseNet": -196000000, "discontinuedOperations": 98000000, "netIncomeFromContinuingOps": 686000000, "netIncomeApplicableToCommonShares": 727000000}}, "quarterly": {"2022-06-30": {"researchDevelopment": null, "effectOfAccountingCharges": null, "incomeBeforeTax": 397000000, "minorityInterest": 201000000, "netIncome": 278000000, "sellingGeneralAdministrative": 364000000, "grossProfit": 769000000, "ebit": 405000000, "operatingIncome": 405000000, "otherOperatingExpenses": null, "interestExpense": -28000000, "extraordinaryItems": null, "nonRecurring": null, "otherItems": null, "incomeTaxExpense": 103000000, "totalRevenue": 2352000000, "totalOperatingExpenses": 1947000000, "costOfRevenue": 1583000000, "totalOtherIncomeExpenseNet": -8000000, "discontinuedOperations": null, "netIncomeFromContinuingOps": 294000000, "netIncomeApplicableToCommonShares": 276000000}, "2022-03-31": {"researchDevelopment": null, "effectOfAccountingCharges": null, "incomeBeforeTax": 327000000, "minorityInterest": 271000000, "netIncome": 233000000, "sellingGeneralAdministrative": 353000000, "grossProfit": 704000000, "ebit": 351000000, "operatingIncome": 351000000, "otherOperatingExpenses": null, "interestExpense": -25000000, "extraordinaryItems": null, "nonRecurring": null, "otherItems": null, "incomeTaxExpense": 75000000, "totalRevenue": 2201000000, "totalOperatingExpenses": 1850000000, "costOfRevenue": 1497000000, "totalOtherIncomeExpenseNet": -24000000, "discontinuedOperations": null, "netIncomeFromContinuingOps": 252000000, "netIncomeApplicableToCommonShares": 234000000}, "2021-12-31": {"researchDevelopment": null, "effectOfAccountingCharges": null, "incomeBeforeTax": 192000000, "minorityInterest": 257000000, "netIncome": 132000000, "sellingGeneralAdministrative": 356000000, "grossProfit": 619000000, "ebit": 263000000, "operatingIncome": 263000000, "otherOperatingExpenses": null, "interestExpense": -25000000, "extraordinaryItems": null, "nonRecurring": null, "otherItems": null, "incomeTaxExpense": 52000000, "totalRevenue": 2022000000, "totalOperatingExpenses": 1759000000, "costOfRevenue": 1403000000, "totalOtherIncomeExpenseNet": -71000000, "discontinuedOperations": null, "netIncomeFromContinuingOps": 140000000, "netIncomeApplicableToCommonShares": 135000000}, "2021-09-30": {"researchDevelopment": null, "effectOfAccountingCharges": null, "incomeBeforeTax": 342000000, "minorityInterest": 252000000, "netIncome": 220000000, "sellingGeneralAdministrative": 372000000, "grossProfit": 753000000, "ebit": 381000000, "operatingIncome": 381000000, "otherOperatingExpenses": null, "interestExpense": -26000000, "extraordinaryItems": null, "nonRecurring": null, "otherItems": null, "incomeTaxExpense": 103000000, "totalRevenue": 2204000000, "totalOperatingExpenses": 1823000000, "costOfRevenue": 1451000000, "totalOtherIncomeExpenseNet": -39000000, "discontinuedOperations": null, "netIncomeFromContinuingOps": 239000000, "netIncomeApplicableToCommonShares": 219000000}}}, "cash": {"annual": {"2021-12-31": {"investments": 171000000, "changeToLiabilities": 190000000, "totalCashflowsFromInvestingActivities": -12000000, "netBorrowings": 152000000, "totalCashFromFinancingActivities": -1298000000, "issuanceOfStock": 5000000, "netIncome": 410000000, "changeInCash": -400000000, "repurchaseOfStock": -1041000000, "effectOfExchangeRate": -20000000, "totalCashFromOperatingActivities": 930000000, "depreciation": 151000000, "otherCashflowsFromInvestingActivities": -3000000, "dividendsPaid": -211000000, "changeToInventory": -350000000, "changeToAccountReceivables": -64000000, "otherCashflowsFromFinancingActivities": -203000000, "changeToNetincome": 593000000, "capitalExpenditures": -128000000}, "2020-12-31": {"investments": 3000000, "changeToLiabilities": 332000000, "totalCashflowsFromInvestingActivities": 531000000, "netBorrowings": 13000000, "totalCashFromFinancingActivities": -886000000, "issuanceOfStock": 26000000, "netIncome": 1224000000, "changeInCash": 629000000, "repurchaseOfStock": -752000000, "effectOfExchangeRate": 31000000, "totalCashFromOperatingActivities": 953000000, "depreciation": 133000000, "otherCashflowsFromInvestingActivities": -2000000, "dividendsPaid": -145000000, "changeToInventory": -89000000, "changeToAccountReceivables": -141000000, "otherCashflowsFromFinancingActivities": -28000000, "changeToNetincome": -508000000, "capitalExpenditures": -114000000}, "2019-12-31": {"investments": 1000000, "changeToLiabilities": -27000000, "totalCashflowsFromInvestingActivities": 582000000, "netBorrowings": -209000000, "totalCashFromFinancingActivities": -1291000000, "issuanceOfStock": 27000000, "netIncome": 935000000, "changeInCash": 138000000, "repurchaseOfStock": -919000000, "effectOfExchangeRate": 14000000, "totalCashFromOperatingActivities": 833000000, "depreciation": 130000000, "otherCashflowsFromInvestingActivities": -13000000, "dividendsPaid": -144000000, "changeToInventory": 58000000, "changeToAccountReceivables": -37000000, "otherCashflowsFromFinancingActivities": -46000000, "changeToNetincome": -238000000, "capitalExpenditures": -162000000}, "2018-12-31": {"investments": 113000000, "changeToLiabilities": 108000000, "totalCashflowsFromInvestingActivities": -651000000, "netBorrowings": -115000000, "totalCashFromFinancingActivities": -1020000000, "changeToOperatingActivities": 51000000, "issuanceOfStock": 14000000, "netIncome": 734000000, "changeInCash": -635000000, "repurchaseOfStock": -696000000, "effectOfExchangeRate": 4000000, "totalCashFromOperatingActivities": 1032000000, "depreciation": 120000000, "otherCashflowsFromInvestingActivities": -10000000, "dividendsPaid": -134000000, "changeToInventory": -11000000, "changeToAccountReceivables": -46000000, "otherCashflowsFromFinancingActivities": -89000000, "changeToNetincome": 106000000, "capitalExpenditures": -219000000}}, "quarterly": {"2022-06-30": {"investments": 1000000, "changeToLiabilities": 52000000, "totalCashflowsFromInvestingActivities": -48000000, "netBorrowings": 233000000, "totalCashFromFinancingActivities": -381000000, "netIncome": 278000000, "changeInCash": -39000000, "repurchaseOfStock": -550000000, "effectOfExchangeRate": -11000000, "totalCashFromOperatingActivities": 401000000, "depreciation": 36000000, "otherCashflowsFromInvestingActivities": -4000000, "dividendsPaid": -64000000, "changeToInventory": -32000000, "changeToAccountReceivables": 53000000, "changeToNetincome": 14000000, "capitalExpenditures": -43000000}, "2022-03-31": {"investments": 1000000, "changeToLiabilities": -85000000, "totalCashflowsFromInvestingActivities": -26000000, "netBorrowings": 260000000, "totalCashFromFinancingActivities": -187000000, "issuanceOfStock": 1000000, "netIncome": 233000000, "changeInCash": -447000000, "repurchaseOfStock": -381000000, "effectOfExchangeRate": -7000000, "totalCashFromOperatingActivities": -227000000, "depreciation": 35000000, "otherCashflowsFromInvestingActivities": -1000000, "dividendsPaid": -67000000, "changeToInventory": -127000000, "changeToAccountReceivables": -349000000, "changeToNetincome": 66000000, "capitalExpenditures": -27000000}, "2021-12-31": {"investments": 1000000, "changeToLiabilities": 43000000, "totalCashflowsFromInvestingActivities": -55000000, "netBorrowings": -1000000, "totalCashFromFinancingActivities": -203000000, "issuanceOfStock": 4000000, "netIncome": 132000000, "changeInCash": 72000000, "repurchaseOfStock": -149000000, "effectOfExchangeRate": -5000000, "totalCashFromOperatingActivities": 335000000, "depreciation": 37000000, "otherCashflowsFromInvestingActivities": -10000000, "dividendsPaid": -57000000, "changeToInventory": -113000000, "changeToAccountReceivables": 155000000, "changeToNetincome": 81000000, "capitalExpenditures": -46000000}, "2021-09-30": {"investments": 2000000, "changeToLiabilities": 133000000, "totalCashflowsFromInvestingActivities": -79000000, "netBorrowings": -1000000, "totalCashFromFinancingActivities": -186000000, "issuanceOfStock": 4000000, "netIncome": 220000000, "changeInCash": 85000000, "repurchaseOfStock": -128000000, "effectOfExchangeRate": -6000000, "totalCashFromOperatingActivities": 356000000, "depreciation": 36000000, "otherCashflowsFromInvestingActivities": 4000000, "dividendsPaid": -58000000, "changeToInventory": -90000000, "changeToAccountReceivables": 19000000, "changeToNetincome": 38000000, "capitalExpenditures": -29000000}}}}}