{"TSLA": {"balance": {"annual": {"2021-12-31": {"intangibleAssets": 257000000, "capitalSurplus": 29803000000, "totalLiab": 30548000000, "totalStockholderEquity": 30189000000, "minorityInterest": 1394000000, "otherCurrentLiab": 4756000000, "totalAssets": 62131000000, "commonStock": 1000000, "otherCurrentAssets": 345000000, "retainedEarnings": 331000000, "otherLiab": 3896000000, "goodWill": 200000000, "treasuryStock": 54000000, "otherAssets": 3398000000, "cash": 17576000000, "totalCurrentLiabilities": 19705000000, "shortLongTermDebt": 1088000000, "otherStockholderEquity": 54000000, "propertyPlantEquipment": 31176000000, "totalCurrentAssets": 27100000000, "netTangibleAssets": 29732000000, "shortTermInvestments": 131000000, "netReceivables": 1986000000, "longTermDebt": 4285000000, "inventory": 5757000000, "accountsPayable": 10025000000}, "2020-12-31": {"intangibleAssets": 313000000, "capitalSurplus": 27260000000, "totalLiab": 28469000000, "totalStockholderEquity": 22225000000, "minorityInterest": 1454000000, "otherCurrentLiab": 4147000000, "totalAssets": 52148000000, "commonStock": 1000000, "otherCurrentAssets": 238000000, "retainedEarnings": -5399000000, "otherLiab": 3302000000, "goodWill": 207000000, "treasuryStock": 363000000, "otherAssets": 1536000000, "cash": 19384000000, "totalCurrentLiabilities": 14248000000, "shortLongTermDebt": 1758000000, "otherStockholderEquity": 363000000, "propertyPlantEquipment": 23375000000, "totalCurrentAssets": 26717000000, "netTangibleAssets": 21705000000, "netReceivables": 1903000000, "longTermDebt": 8571000000, "inventory": 4101000000, "accountsPayable": 6051000000}, "2019-12-31": {"intangibleAssets": 339000000, "capitalSurplus": 12736000000, "totalLiab": 26199000000, "totalStockholderEquity": 6618000000, "minorityInterest": 1492000000, "otherCurrentLiab": 3693000000, "totalAssets": 34309000000, "commonStock": 1000000, "otherCurrentAssets": 246000000, "retainedEarnings": -6083000000, "otherLiab": 2969000000, "goodWill": 198000000, "treasuryStock": -36000000, "otherAssets": 1469000000, "cash": 6268000000, "totalCurrentLiabilities": 10667000000, "shortLongTermDebt": 1399000000, "otherStockholderEquity": -36000000, "propertyPlantEquipment": 20199000000, "totalCurrentAssets": 12103000000, "longTermInvestments": 1000000, "netTangibleAssets": 6081000000, "netReceivables": 1324000000, "longTermDebt": 10375000000, "inventory": 3552000000, "accountsPayable": 3771000000}, "2018-12-31": {"intangibleAssets": 282000000, "capitalSurplus": 10249000000, "totalLiab": 23427000000, "totalStockholderEquity": 4923000000, "minorityInterest": 1390000000, "otherCurrentLiab": 2955000000, "totalAssets": 29740000000, "otherCurrentAssets": 193000000, "retainedEarnings": -5318000000, "otherLiab": 2318000000, "goodWill": 68000000, "treasuryStock": -8000000, "otherAssets": 1380000000, "cash": 3686000000, "totalCurrentLiabilities": 9993000000, "shortLongTermDebt": 2284000000, "otherStockholderEquity": -8000000, "propertyPlantEquipment": 19691000000, "totalCurrentAssets": 8307000000, "longTermInvestments": 12000000, "netTangibleAssets": 4573000000, "netReceivables": 949000000, "longTermDebt": 8461000000, "inventory": 3113000000, "accountsPayable": 3405000000}}, "quarterly": {"2022-06-30": {"intangibleAssets": 241000000, "capitalSurplus": 30944000000, "totalLiab": 30855000000, "totalStockholderEquity": 36376000000, "minorityInterest": 1282000000, "otherCurrentLiab": 5457000000, "totalAssets": 68513000000, "commonStock": 1000000, "otherCurrentAssets": 294000000, "retainedEarnings": 5908000000, "otherLiab": 4314000000, "goodWill": 196000000, "treasuryStock": -477000000, "otherAssets": 3170000000, "cash": 18324000000, "totalCurrentLiabilities": 21821000000, "shortLongTermDebt": 1057000000, "otherStockholderEquity": -477000000, "propertyPlantEquipment": 33684000000, "totalCurrentAssets": 31222000000, "netTangibleAssets": 35939000000, "shortTermInvestments": 591000000, "netReceivables": 2210000000, "longTermDebt": 2095000000, "inventory": 8108000000, "accountsPayable": 11212000000}, "2022-03-31": {"intangibleAssets": 254000000, "capitalSurplus": 30485000000, "totalLiab": 30632000000, "totalStockholderEquity": 34085000000, "minorityInterest": 1321000000, "otherCurrentLiab": 5288000000, "totalAssets": 66038000000, "commonStock": 1000000, "otherCurrentAssets": 297000000, "retainedEarnings": 3649000000, "otherLiab": 4210000000, "goodWill": 200000000, "treasuryStock": -50000000, "otherAssets": 3895000000, "cash": 17505000000, "totalCurrentLiabilities": 21455000000, "shortLongTermDebt": 1168000000, "otherStockholderEquity": -50000000, "propertyPlantEquipment": 32639000000, "totalCurrentAssets": 29050000000, "netTangibleAssets": 33631000000, "shortTermInvestments": 508000000, "netReceivables": 2424000000, "longTermDebt": 2253000000, "inventory": 6691000000, "accountsPayable": 11171000000}, "2021-12-31": {"intangibleAssets": 257000000, "capitalSurplus": 29803000000, "totalLiab": 30548000000, "totalStockholderEquity": 30189000000, "minorityInterest": 1394000000, "otherCurrentLiab": 4756000000, "totalAssets": 62131000000, "commonStock": 1000000, "otherCurrentAssets": 345000000, "retainedEarnings": 331000000, "otherLiab": 3896000000, "goodWill": 200000000, "treasuryStock": 54000000, "otherAssets": 3398000000, "cash": 17576000000, "totalCurrentLiabilities": 19705000000, "shortLongTermDebt": 1088000000, "otherStockholderEquity": 54000000, "propertyPlantEquipment": 31176000000, "totalCurrentAssets": 27100000000, "netTangibleAssets": 29732000000, "shortTermInvestments": 131000000, "netReceivables": 1986000000, "longTermDebt": 4285000000, "inventory": 5757000000, "accountsPayable": 10025000000}, "2021-09-30": {"intangibleAssets": 269000000, "capitalSurplus": 28922000000, "totalLiab": 29340000000, "totalStockholderEquity": 27053000000, "minorityInterest": 1441000000, "otherCurrentLiab": 5024000000, "totalAssets": 57834000000, "commonStock": 1000000, "otherCurrentAssets": 327000000, "retainedEarnings": -1990000000, "otherLiab": 3190000000, "goodWill": 201000000, "treasuryStock": 120000000, "otherAssets": 3114000000, "cash": 16065000000, "totalCurrentLiabilities": 18051000000, "shortLongTermDebt": 1207000000, "otherStockholderEquity": 120000000, "propertyPlantEquipment": 29248000000, "totalCurrentAssets": 25002000000, "netTangibleAssets": 26583000000, "shortTermInvestments": 30000000, "netReceivables": 2000000000, "longTermDebt": 5471000000, "inventory": 5199000000, "accountsPayable": 8260000000}}}, "income": {"annual": {"2021-12-31": {"researchDevelopment": 2593000000, "effectOfAccountingCharges": null, "incomeBeforeTax": 6343000000, "minorityInterest": 1394000000, "netIncome": 5519000000, "sellingGeneralAdministrative": 4517000000, "grossProfit": 13606000000, "ebit": 6523000000, "operatingIncome": 6523000000, "otherOperatingExpenses": -27000000, "interestExpense": -358000000, "extraordinaryItems": null, "nonRecurring": null, "otherItems": null, "incomeTaxExpense": 699000000, "totalRevenue": 53823000000, "totalOperatingExpenses": 47300000000, "costOfRevenue": 40217000000, "totalOtherIncomeExpenseNet": -180000000, "discontinuedOperations": null, "netIncomeFromContinuingOps": 5644000000, "netIncomeApplicableToCommonShares": 5524000000}, "2020-12-31": {"researchDevelopment": 1491000000, "effectOfAccountingCharges": null, "incomeBeforeTax": 1154000000, "minorityInterest": 1454000000, "netIncome": 721000000, "sellingGeneralAdministrative": 3188000000, "grossProfit": 6630000000, "ebit": 1951000000, "operatingIncome": 1951000000, "otherOperatingExpenses": -27000000, "interestExpense": -784000000, "extraordinaryItems": null, "nonRecurring": null, "otherItems": null, "incomeTaxExpense": 292000000, "totalRevenue": 31536000000, "totalOperatingExpenses": 29585000000, "costOfRevenue": 24906000000, "totalOtherIncomeExpenseNet": -797000000, "discontinuedOperations": null, "netIncomeFromContinuingOps": 862000000, "netIncomeApplicableToCommonShares": 690000000}, "2019-12-31": {"researchDevelopment": 1343000000, "effectOfAccountingCharges": null, "incomeBeforeTax": -665000000, "minorityInterest": 1492000000, "netIncome": -862000000, "sellingGeneralAdministrative": 2646000000, "grossProfit": 4069000000, "ebit": 80000000, "operatingIncome": 80000000, "otherOperatingExpenses": -27000000, "interestExpense": -725000000, "extraordinaryItems": null, "nonRecurring": null, "otherItems": null, "incomeTaxExpense": 110000000, "totalRevenue": 24578000000, "totalOperatingExpenses": 24498000000, "costOfRevenue": 20509000000, "totalOtherIncomeExpenseNet": -745000000, "discontinuedOperations": null, "netIncomeFromContinuingOps": -775000000, "netIncomeApplicableToCommonShares": -870000000}, "2018-12-31": {"researchDevelopment": 1460000000, "effectOfAccountingCharges": null, "incomeBeforeTax": -1005000000, "minorityInterest": 1390000000, "netIncome": -976000000, "sellingGeneralAdministrative": 2835000000, "grossProfit": 4042000000, "ebit": -253000000, "operatingIncome": -253000000, "otherOperatingExpenses": -27000000, "interestExpense": -653000000, "extraordinaryItems": null, "nonRecurring": null, "otherItems": null, "incomeTaxExpense": 58000000, "totalRevenue": 21461000000, "totalOperatingExpenses": 21714000000, "costOfRevenue": 17419000000, "totalOtherIncomeExpenseNet": -752000000, "discontinuedOperations": null, "netIncomeFromContinuingOps": -1063000000, "netIncomeApplicableToCommonShares": -976000000}}, "quarterly": {"2022-06-30": {"researchDevelopment": 667000000, "effectOfAccountingCharges": null, "incomeBeforeTax": 2474000000, "minorityInterest": 1282000000, "netIncome": 2259000000, "sellingGeneralAdministrative": 961000000, "grossProfit": 4234000000, "ebit": 2670000000, "operatingIncome": 2670000000, "otherOperatingExpenses": -64000000, "interestExpense": -44000000, "extraordinaryItems": null, "nonRecurring": null, "otherItems": null, "incomeTaxExpense": 205000000, "totalRevenue": 16934000000, "totalOperatingExpenses": 14264000000, "costOfRevenue": 12700000000, "totalOtherIncomeExpenseNet": -196000000, "discontinuedOperations": null, "netIncomeFromContinuingOps": 2269000000, "netIncomeApplicableToCommonShares": 2259000000}, "2022-03-31": {"researchDevelopment": 865000000, "effectOfAccountingCharges": null, "incomeBeforeTax": 3626000000, "minorityInterest": 1321000000, "netIncome": 3318000000, "sellingGeneralAdministrative": 992000000, "grossProfit": 5460000000, "ebit": 3603000000, "operatingIncome": 3603000000, "otherOperatingExpenses": -64000000, "interestExpense": -61000000, "extraordinaryItems": null, "nonRecurring": null, "otherItems": null, "incomeTaxExpense": 346000000, "totalRevenue": 18756000000, "totalOperatingExpenses": 15153000000, "costOfRevenue": 13296000000, "totalOtherIncomeExpenseNet": 23000000, "discontinuedOperations": null, "netIncomeFromContinuingOps": 3280000000, "netIncomeApplicableToCommonShares": 3318000000}, "2021-12-31": {"researchDevelopment": 740000000, "effectOfAccountingCharges": null, "incomeBeforeTax": 2635000000, "minorityInterest": 1394000000, "netIncome": 2321000000, "sellingGeneralAdministrative": 1494000000, "grossProfit": 4847000000, "ebit": 2613000000, "operatingIncome": 2613000000, "otherOperatingExpenses": -64000000, "interestExpense": -70000000, "extraordinaryItems": null, "nonRecurring": null, "otherItems": null, "incomeTaxExpense": 292000000, "totalRevenue": 17719000000, "totalOperatingExpenses": 15106000000, "costOfRevenue": 12872000000, "totalOtherIncomeExpenseNet": 22000000, "discontinuedOperations": null, "netIncomeFromContinuingOps": 2343000000, "netIncomeApplicableToCommonShares": 2326000000}, "2021-09-30": {"researchDevelopment": 611000000, "effectOfAccountingCharges": null, "incomeBeforeTax": 1882000000, "minorityInterest": 1441000000, "netIncome": 1618000000, "sellingGeneralAdministrative": 994000000, "grossProfit": 3660000000, "ebit": 2004000000, "operatingIncome": 2004000000, "otherOperatingExpenses": 51000000, "interestExpense": -125000000, "extraordinaryItems": null, "nonRecurring": null, "otherItems": null, "incomeTaxExpense": 223000000, "totalRevenue": 13757000000, "totalOperatingExpenses": 11753000000, "costOfRevenue": 10097000000, "totalOtherIncomeExpenseNet": -122000000, "discontinuedOperations": null, "netIncomeFromContinuingOps": 1659000000, "netIncomeApplicableToCommonShares": 1618000000}}}, "cash": {"annual": {"2021-12-31": {"investments": -132000000, "changeToLiabilities": 5371000000, "totalCashflowsFromInvestingActivities": -7868000000, "netBorrowings": -5732000000, "totalCashFromFinancingActivities": -5203000000, "changeToOperatingActivities": -3014000000, "issuanceOfStock": 707000000, "netIncome": 5519000000, "changeInCash": -1757000000, "effectOfExchangeRate": -183000000, "totalCashFromOperatingActivities": 11497000000, "depreciation": 2810000000, "otherCashflowsFromInvestingActivities": -1222000000, "changeToInventory": -1709000000, "changeToAccountReceivables": -130000000, "otherCashflowsFromFinancingActivities": -178000000, "changeToNetincome": 2650000000, "capitalExpenditures": -6514000000}, "2020-12-31": {"investments": -132000000, "changeToLiabilities": 2423000000, "totalCashflowsFromInvestingActivities": -3132000000, "netBorrowings": -2488000000, "totalCashFromFinancingActivities": 9973000000, "changeToOperatingActivities": -1165000000, "issuanceOfStock": 12686000000, "netIncome": 721000000, "changeInCash": 13118000000, "effectOfExchangeRate": 334000000, "totalCashFromOperatingActivities": 5943000000, "depreciation": 2322000000, "otherCashflowsFromInvestingActivities": 123000000, "changeToInventory": -422000000, "changeToAccountReceivables": -652000000, "otherCashflowsFromFinancingActivities": -225000000, "changeToNetincome": 2716000000, "capitalExpenditures": -3232000000}, "2019-12-31": {"investments": -132000000, "changeToLiabilities": 1447000000, "totalCashflowsFromInvestingActivities": -1436000000, "netBorrowings": 798000000, "totalCashFromFinancingActivities": 1529000000, "changeToOperatingActivities": -1000000000, "issuanceOfStock": 1111000000, "netIncome": -862000000, "changeInCash": 2506000000, "effectOfExchangeRate": 8000000, "totalCashFromOperatingActivities": 2405000000, "depreciation": 2092000000, "otherCashflowsFromInvestingActivities": 46000000, "changeToInventory": -429000000, "changeToAccountReceivables": -367000000, "otherCashflowsFromFinancingActivities": -380000000, "changeToNetincome": 1524000000, "capitalExpenditures": -1432000000}, "2018-12-31": {"investments": -132000000, "changeToLiabilities": 2203000000, "totalCashflowsFromInvestingActivities": -2337000000, "netBorrowings": 89000000, "totalCashFromFinancingActivities": 574000000, "changeToOperatingActivities": -625000000, "issuanceOfStock": 296000000, "netIncome": -976000000, "changeInCash": 312000000, "effectOfExchangeRate": -23000000, "totalCashFromOperatingActivities": 2098000000, "depreciation": 1888000000, "otherCashflowsFromInvestingActivities": 46000000, "changeToInventory": -1023000000, "changeToAccountReceivables": -497000000, "otherCashflowsFromFinancingActivities": 189000000, "changeToNetincome": 969000000, "capitalExpenditures": -2319000000}}, "quarterly": {"2022-06-30": {"investments": -90000000, "changeToLiabilities": 770000000, "totalCashflowsFromInvestingActivities": -884000000, "netBorrowings": -402000000, "totalCashFromFinancingActivities": -406000000, "changeToOperatingActivities": -733000000, "issuanceOfStock": 43000000, "netIncome": 2259000000, "changeInCash": 847000000, "effectOfExchangeRate": -214000000, "totalCashFromOperatingActivities": 2351000000, "depreciation": 752000000, "otherCashflowsFromInvestingActivities": 936000000, "changeToInventory": -1559000000, "changeToAccountReceivables": 176000000, "otherCashflowsFromFinancingActivities": -47000000, "changeToNetincome": 686000000, "capitalExpenditures": -1730000000}, "2022-03-31": {"investments": -386000000, "changeToLiabilities": 1284000000, "totalCashflowsFromInvestingActivities": -2167000000, "netBorrowings": -2068000000, "totalCashFromFinancingActivities": -1914000000, "changeToOperatingActivities": -844000000, "issuanceOfStock": 202000000, "netIncome": 3318000000, "changeInCash": -104000000, "effectOfExchangeRate": -18000000, "totalCashFromOperatingActivities": 3995000000, "depreciation": 880000000, "otherCashflowsFromInvestingActivities": 936000000, "changeToInventory": -633000000, "changeToAccountReceivables": -409000000, "otherCashflowsFromFinancingActivities": -48000000, "changeToNetincome": 399000000, "capitalExpenditures": -1772000000}, "2021-12-31": {"investments": -102000000, "changeToLiabilities": 2155000000, "totalCashflowsFromInvestingActivities": -1916000000, "netBorrowings": -1456000000, "totalCashFromFinancingActivities": -1257000000, "changeToOperatingActivities": -784000000, "issuanceOfStock": 262000000, "netIncome": 2321000000, "changeInCash": 1450000000, "effectOfExchangeRate": 38000000, "totalCashFromOperatingActivities": 4585000000, "depreciation": 747000000, "otherCashflowsFromInvestingActivities": 936000000, "changeToInventory": -534000000, "changeToAccountReceivables": 18000000, "otherCashflowsFromFinancingActivities": -63000000, "changeToNetincome": 662000000, "capitalExpenditures": -1814000000}, "2021-09-30": {"investments": -30000000, "changeToLiabilities": 1345000000, "totalCashflowsFromInvestingActivities": -1855000000, "netBorrowings": -1526000000, "totalCashFromFinancingActivities": -1381000000, "changeToOperatingActivities": -993000000, "issuanceOfStock": 192000000, "netIncome": 1618000000, "changeInCash": -131000000, "effectOfExchangeRate": -42000000, "totalCashFromOperatingActivities": 3147000000, "depreciation": 761000000, "otherCashflowsFromInvestingActivities": 936000000, "changeToInventory": -488000000, "changeToAccountReceivables": 135000000, "otherCashflowsFromFinancingActivities": -47000000, "changeToNetincome": 769000000, "capitalExpenditures": -1825000000}}}}, "RTX": {"balance": {"annual": {"2021-12-31": {"intangibleAssets": 38516000000, "totalLiab": 86705000000, "totalStockholderEquity": 73068000000, "minorityInterest": 1631000000, "deferredLongTermLiab": 1974000000, "otherCurrentLiab": 14020000000, "totalAssets": 161404000000, "commonStock": 37483000000, "otherCurrentAssets": 4018000000, "retainedEarnings": 50265000000, "otherLiab": 18272000000, "goodWill": 54436000000, "treasuryStock": -14680000000, "otherAssets": 6624000000, "cash": 7832000000, "totalCurrentLiabilities": 35449000000, "shortLongTermDebt": 24000000, "otherStockholderEquity": -1953000000, "propertyPlantEquipment": 16930000000, "totalCurrentAssets": 42050000000, "netTangibleAssets": -19884000000, "netReceivables": 21022000000, "longTermDebt": 31226000000, "inventory": 9178000000, "accountsPayable": 8751000000}, "2020-12-31": {"intangibleAssets": 40539000000, "totalLiab": 88269000000, "totalStockholderEquity": 72163000000, "minorityInterest": 1721000000, "deferredLongTermLiab": 1981000000, "otherCurrentLiab": 13892000000, "totalAssets": 162153000000, "commonStock": 36930000000, "otherCurrentAssets": 5978000000, "retainedEarnings": 49423000000, "otherLiab": 19879000000, "goodWill": 54285000000, "treasuryStock": -14190000000, "otherAssets": 3967000000, "cash": 8802000000, "totalCurrentLiabilities": 35848000000, "shortLongTermDebt": 550000000, "otherStockholderEquity": -3783000000, "propertyPlantEquipment": 16842000000, "totalCurrentAssets": 43376000000, "netTangibleAssets": -22661000000, "netReceivables": 19185000000, "longTermDebt": 30962000000, "inventory": 9411000000, "accountsPayable": 8639000000}, "2019-12-31": {"intangibleAssets": 24473000000, "totalLiab": 95289000000, "totalStockholderEquity": 41774000000, "minorityInterest": 2552000000, "deferredLongTermLiab": 1519000000, "otherCurrentLiab": 23739000000, "totalAssets": 139615000000, "commonStock": 23019000000, "otherCurrentAssets": 34388000000, "retainedEarnings": 61594000000, "otherLiab": 9901000000, "goodWill": 36609000000, "treasuryStock": -42839000000, "otherAssets": 1919000000, "cash": 4937000000, "totalCurrentLiabilities": 46594000000, "shortLongTermDebt": 3258000000, "otherStockholderEquity": -10213000000, "propertyPlantEquipment": 11574000000, "totalCurrentAssets": 61577000000, "netTangibleAssets": -19308000000, "netReceivables": 13205000000, "longTermDebt": 37625000000, "inventory": 9047000000, "accountsPayable": 7816000000}, "2018-12-31": {"intangibleAssets": 26424000000, "totalLiab": 93492000000, "totalStockholderEquity": 38446000000, "minorityInterest": 2273000000, "deferredLongTermLiab": 914000000, "otherCurrentLiab": 7102000000, "totalAssets": 134211000000, "commonStock": 22514000000, "otherCurrentAssets": 1511000000, "retainedEarnings": 57823000000, "otherLiab": 20932000000, "goodWill": 48112000000, "treasuryStock": -41891000000, "otherAssets": 8852000000, "cash": 6152000000, "totalCurrentLiabilities": 31368000000, "deferredLongTermAssetCharges": 1646000000, "shortLongTermDebt": 2876000000, "otherStockholderEquity": -9409000000, "propertyPlantEquipment": 12297000000, "totalCurrentAssets": 35503000000, "netTangibleAssets": -36090000000, "netReceivables": 17757000000, "longTermDebt": 41120000000, "inventory": 10083000000, "accountsPayable": 11080000000}}, "quarterly": {"2022-06-30": {"intangibleAssets": 37562000000, "totalLiab": 86989000000, "totalStockholderEquity": 70441000000, "minorityInterest": 1587000000, "otherCurrentLiab": 13797000000, "totalAssets": 159017000000, "commonStock": 37673000000, "otherCurrentAssets": 4323000000, "retainedEarnings": 50271000000, "otherLiab": 16334000000, "goodWill": 53806000000, "treasuryStock": -17503000000, "otherAssets": 6905000000, "cash": 4767000000, "totalCurrentLiabilities": 37788000000, "shortLongTermDebt": 26000000, "otherStockholderEquity": -2964000000, "propertyPlantEquipment": 16607000000, "totalCurrentAssets": 41462000000, "netTangibleAssets": -20927000000, "netReceivables": 22230000000, "longTermDebt": 31274000000, "inventory": 10142000000, "accountsPayable": 9732000000}, "2022-03-31": {"intangibleAssets": 38118000000, "totalLiab": 85344000000, "totalStockholderEquity": 72462000000, "minorityInterest": 1560000000, "otherCurrentLiab": 13965000000, "totalAssets": 159366000000, "commonStock": 37504000000, "otherCurrentAssets": 4309000000, "retainedEarnings": 50592000000, "otherLiab": 17352000000, "goodWill": 54316000000, "treasuryStock": -15634000000, "otherAssets": 6678000000, "cash": 6040000000, "totalCurrentLiabilities": 35057000000, "shortLongTermDebt": 24000000, "otherStockholderEquity": -2151000000, "propertyPlantEquipment": 16748000000, "totalCurrentAssets": 40740000000, "netTangibleAssets": -19972000000, "netReceivables": 20642000000, "longTermDebt": 31209000000, "inventory": 9749000000, "accountsPayable": 8270000000}, "2021-12-31": {"intangibleAssets": 38516000000, "totalLiab": 86705000000, "totalStockholderEquity": 73068000000, "minorityInterest": 1631000000, "deferredLongTermLiab": 1974000000, "otherCurrentLiab": 14020000000, "totalAssets": 161404000000, "commonStock": 37483000000, "otherCurrentAssets": 4018000000, "retainedEarnings": 50265000000, "otherLiab": 18272000000, "goodWill": 54436000000, "treasuryStock": -14680000000, "otherAssets": 6624000000, "cash": 7832000000, "totalCurrentLiabilities": 35449000000, "shortLongTermDebt": 24000000, "otherStockholderEquity": -1953000000, "propertyPlantEquipment": 16930000000, "totalCurrentAssets": 42050000000, "netTangibleAssets": -19884000000, "netReceivables": 21022000000, "longTermDebt": 31226000000, "inventory": 9178000000, "accountsPayable": 8751000000}, "2021-09-30": {"intangibleAssets": 38842000000, "totalLiab": 85803000000, "totalStockholderEquity": 71308000000, "minorityInterest": 1661000000, "otherCurrentLiab": 12776000000, "totalAssets": 158772000000, "commonStock": 37343000000, "otherCurrentAssets": 4653000000, "retainedEarnings": 50343000000, "otherLiab": 19363000000, "goodWill": 53789000000, "treasuryStock": -16378000000, "otherAssets": 4796000000, "cash": 7476000000, "totalCurrentLiabilities": 34131000000, "shortLongTermDebt": 274000000, "otherStockholderEquity": -3980000000, "propertyPlantEquipment": 16393000000, "totalCurrentAssets": 41992000000, "netTangibleAssets": -21323000000, "netReceivables": 20437000000, "longTermDebt": 30668000000, "inventory": 9426000000, "accountsPayable": 8667000000}}}, "income": {"annual": {"2021-12-31": {"researchDevelopment": 2732000000, "effectOfAccountingCharges": null, "incomeBeforeTax": 4931000000, "minorityInterest": 1631000000, "netIncome": 3864000000, "sellingGeneralAdministrative": 3154000000, "grossProfit": 12525000000, "ebit": 6817000000, "operatingIncome": 6817000000, "otherOperatingExpenses": -178000000, "interestExpense": -1358000000, "extraordinaryItems": null, "nonRecurring": null, "otherItems": null, "incomeTaxExpense": 786000000, "totalRevenue": 64388000000, "totalOperatingExpenses": 57571000000, "costOfRevenue": 51863000000, "totalOtherIncomeExpenseNet": -1886000000, "discontinuedOperations": -33000000, "netIncomeFromContinuingOps": 4145000000, "netIncomeApplicableToCommonShares": 3864000000}, "2020-12-31": {"researchDevelopment": 2582000000, "effectOfAccountingCharges": null, "incomeBeforeTax": -2353000000, "minorityInterest": 1721000000, "netIncome": -3519000000, "sellingGeneralAdministrative": 4496000000, "grossProfit": 8620000000, "ebit": 1770000000, "operatingIncome": 1770000000, "otherOperatingExpenses": -228000000, "interestExpense": -1408000000, "extraordinaryItems": null, "nonRecurring": null, "otherItems": null, "incomeTaxExpense": 575000000, "totalRevenue": 56587000000, "totalOperatingExpenses": 54817000000, "costOfRevenue": 47967000000, "totalOtherIncomeExpenseNet": -4123000000, "discontinuedOperations": -410000000, "netIncomeFromContinuingOps": -2928000000, "netIncomeApplicableToCommonShares": -3519000000}, "2019-12-31": {"researchDevelopment": 2452000000, "effectOfAccountingCharges": null, "incomeBeforeTax": 4152000000, "minorityInterest": 2552000000, "netIncome": 5537000000, "sellingGeneralAdministrative": 2980000000, "grossProfit": 10932000000, "ebit": 5735000000, "operatingIncome": 5735000000, "otherOperatingExpenses": -235000000, "interestExpense": -1711000000, "extraordinaryItems": null, "nonRecurring": null, "otherItems": null, "incomeTaxExpense": 421000000, "totalRevenue": 45349000000, "totalOperatingExpenses": 39614000000, "costOfRevenue": 34417000000, "totalOtherIncomeExpenseNet": -1583000000, "discontinuedOperations": 2027000000, "netIncomeFromContinuingOps": 3731000000, "netIncomeApplicableToCommonShares": 5537000000}, "2018-12-31": {"researchDevelopment": 1878000000, "effectOfAccountingCharges": null, "incomeBeforeTax": 2504000000, "minorityInterest": 2273000000, "netIncome": 5269000000, "sellingGeneralAdministrative": 2093000000, "grossProfit": 7236000000, "ebit": 3648000000, "operatingIncome": 3648000000, "otherOperatingExpenses": -383000000, "interestExpense": -1182000000, "extraordinaryItems": null, "nonRecurring": null, "otherItems": null, "incomeTaxExpense": 1098000000, "totalRevenue": 34701000000, "totalOperatingExpenses": 31053000000, "costOfRevenue": 27465000000, "totalOtherIncomeExpenseNet": -1144000000, "discontinuedOperations": 4053000000, "netIncomeFromContinuingOps": 1406000000, "netIncomeApplicableToCommonShares": 5269000000}}, "quarterly": {"2022-06-30": {"researchDevelopment": 698000000, "effectOfAccountingCharges": null, "incomeBeforeTax": 1498000000, "minorityInterest": 1587000000, "netIncome": 1304000000, "sellingGeneralAdministrative": 972000000, "grossProfit": 3458000000, "ebit": 1805000000, "operatingIncome": 1805000000, "otherOperatingExpenses": -17000000, "interestExpense": -320000000, "extraordinaryItems": null, "nonRecurring": null, "otherItems": null, "incomeTaxExpense": 160000000, "totalRevenue": 16314000000, "totalOperatingExpenses": 14509000000, "costOfRevenue": 12856000000, "totalOtherIncomeExpenseNet": -307000000, "discontinuedOperations": null, "netIncomeFromContinuingOps": 1338000000, "netIncomeApplicableToCommonShares": 1304000000}, "2022-03-31": {"researchDevelopment": 635000000, "effectOfAccountingCharges": null, "incomeBeforeTax": 1242000000, "minorityInterest": 1560000000, "netIncome": 1084000000, "sellingGeneralAdministrative": 989000000, "grossProfit": 3156000000, "ebit": 1560000000, "operatingIncome": 1560000000, "otherOperatingExpenses": -28000000, "interestExpense": -322000000, "extraordinaryItems": null, "nonRecurring": null, "otherItems": null, "incomeTaxExpense": 116000000, "totalRevenue": 15716000000, "totalOperatingExpenses": 14156000000, "costOfRevenue": 12560000000, "totalOtherIncomeExpenseNet": -318000000, "discontinuedOperations": -19000000, "netIncomeFromContinuingOps": 1126000000, "netIncomeApplicableToCommonShares": 1084000000}, "2021-12-31": {"researchDevelopment": 810000000, "effectOfAccountingCharges": null, "incomeBeforeTax": 867000000, "minorityInterest": 1631000000, "netIncome": 686000000, "sellingGeneralAdministrative": 919000000, "grossProfit": 3437000000, "ebit": 1615000000, "operatingIncome": 1615000000, "otherOperatingExpenses": 93000000, "interestExpense": -288000000, "extraordinaryItems": null, "nonRecurring": null, "otherItems": null, "incomeTaxExpense": 96000000, "totalRevenue": 17044000000, "totalOperatingExpenses": 15429000000, "costOfRevenue": 13607000000, "totalOtherIncomeExpenseNet": -748000000, "discontinuedOperations": 1000000, "netIncomeFromContinuingOps": 771000000, "netIncomeApplicableToCommonShares": 686000000}, "2021-09-30": {"researchDevelopment": 676000000, "effectOfAccountingCharges": null, "incomeBeforeTax": 1476000000, "minorityInterest": 1661000000, "netIncome": 1393000000, "sellingGeneralAdministrative": 723000000, "grossProfit": 3128000000, "ebit": 1854000000, "operatingIncome": 1854000000, "otherOperatingExpenses": -125000000, "interestExpense": -367000000, "extraordinaryItems": null, "nonRecurring": null, "otherItems": null, "incomeTaxExpense": 3000000, "totalRevenue": 16213000000, "totalOperatingExpenses": 14359000000, "costOfRevenue": 13085000000, "totalOtherIncomeExpenseNet": -378000000, "discontinuedOperations": -7000000, "netIncomeFromContinuingOps": 1473000000, "netIncomeApplicableToCommonShares": 1393000000}}}, "cash": {"annual": {"2021-12-31": {"changeToLiabilities": 2289000000, "totalCashflowsFromInvestingActivities": -1364000000, "netBorrowings": -305000000, "totalCashFromFinancingActivities": -6685000000, "changeToOperatingActivities": -566000000, "issuanceOfStock": 7000000, "netIncome": 3864000000, "changeInCash": -979000000, "repurchaseOfStock": -2327000000, "effectOfExchangeRate": -1000000, "totalCashFromOperatingActivities": 7071000000, "depreciation": 4557000000, "otherCashflowsFromInvestingActivities": 9000000, "dividendsPaid": -2957000000, "changeToInventory": 163000000, "changeToAccountReceivables": -2164000000, "otherCashflowsFromFinancingActivities": -1103000000, "changeToNetincome": -1072000000, "capitalExpenditures": -2134000000}, "2020-12-31": {"changeToLiabilities": -537000000, "totalCashflowsFromInvestingActivities": 3102000000, "netBorrowings": -16119000000, "totalCashFromFinancingActivities": -5274000000, "changeToOperatingActivities": -445000000, "issuanceOfStock": 15000000, "netIncome": -3519000000, "changeInCash": 1412000000, "repurchaseOfStock": -47000000, "effectOfExchangeRate": -22000000, "totalCashFromOperatingActivities": 3606000000, "depreciation": 4156000000, "otherCashflowsFromInvestingActivities": -364000000, "dividendsPaid": -2732000000, "changeToInventory": 412000000, "changeToAccountReceivables": 1381000000, "otherCashflowsFromFinancingActivities": 13609000000, "changeToNetincome": 2158000000, "capitalExpenditures": -1795000000}, "2019-12-31": {"changeToLiabilities": 2345000000, "totalCashflowsFromInvestingActivities": -3092000000, "netBorrowings": -1816000000, "totalCashFromFinancingActivities": -4564000000, "changeToOperatingActivities": -984000000, "issuanceOfStock": 27000000, "netIncome": 5537000000, "changeInCash": 1208000000, "repurchaseOfStock": -151000000, "effectOfExchangeRate": -19000000, "totalCashFromOperatingActivities": 8883000000, "depreciation": 2708000000, "otherCashflowsFromInvestingActivities": -339000000, "dividendsPaid": -2442000000, "changeToInventory": -1267000000, "changeToAccountReceivables": -591000000, "otherCashflowsFromFinancingActivities": -182000000, "changeToNetincome": 1135000000, "capitalExpenditures": -1868000000}, "2018-12-31": {"changeToLiabilities": 3063000000, "totalCashflowsFromInvestingActivities": -16973000000, "netBorrowings": 10447000000, "totalCashFromFinancingActivities": 7965000000, "changeToOperatingActivities": -645000000, "issuanceOfStock": 36000000, "netIncome": 5269000000, "changeInCash": -2806000000, "repurchaseOfStock": -325000000, "effectOfExchangeRate": -120000000, "totalCashFromOperatingActivities": 6322000000, "depreciation": 1896000000, "otherCashflowsFromInvestingActivities": 243000000, "dividendsPaid": -2170000000, "changeToInventory": -417000000, "changeToAccountReceivables": -1798000000, "otherCashflowsFromFinancingActivities": -23000000, "changeToNetincome": -1046000000, "capitalExpenditures": -1467000000}}, "quarterly": {"2022-06-30": {"changeToLiabilities": 2166000000, "totalCashflowsFromInvestingActivities": -618000000, "netBorrowings": -25000000, "totalCashFromFinancingActivities": -1882000000, "changeToOperatingActivities": -72000000, "netIncome": 1304000000, "changeInCash": -1249000000, "repurchaseOfStock": -1036000000, "effectOfExchangeRate": -35000000, "totalCashFromOperatingActivities": 1286000000, "depreciation": 999000000, "otherCashflowsFromInvestingActivities": -163000000, "dividendsPaid": -798000000, "changeToInventory": -446000000, "changeToAccountReceivables": -1652000000, "otherCashflowsFromFinancingActivities": -23000000, "changeToNetincome": -1013000000, "capitalExpenditures": -479000000}, "2022-03-31": {"changeToLiabilities": -366000000, "totalCashflowsFromInvestingActivities": -518000000, "netBorrowings": 6000000, "totalCashFromFinancingActivities": -1745000000, "changeToOperatingActivities": -281000000, "netIncome": 1084000000, "changeInCash": -1772000000, "repurchaseOfStock": -743000000, "effectOfExchangeRate": 15000000, "totalCashFromOperatingActivities": 476000000, "depreciation": 1014000000, "otherCashflowsFromInvestingActivities": -45000000, "dividendsPaid": -745000000, "changeToInventory": -587000000, "changeToAccountReceivables": 337000000, "otherCashflowsFromFinancingActivities": -263000000, "changeToNetincome": -725000000, "capitalExpenditures": -439000000}, "2021-12-31": {"investments": 6000000, "changeToLiabilities": 1781000000, "totalCashflowsFromInvestingActivities": -1225000000, "netBorrowings": 302000000, "totalCashFromFinancingActivities": -1530000000, "changeToOperatingActivities": -291000000, "issuanceOfStock": 4000000, "netIncome": 686000000, "changeInCash": 351000000, "repurchaseOfStock": -327000000, "effectOfExchangeRate": -11000000, "totalCashFromOperatingActivities": 3117000000, "depreciation": 1144000000, "otherCashflowsFromInvestingActivities": -78000000, "dividendsPaid": -745000000, "changeToInventory": 220000000, "changeToAccountReceivables": -650000000, "otherCashflowsFromFinancingActivities": -764000000, "changeToNetincome": 227000000, "capitalExpenditures": -954000000}, "2021-09-30": {"investments": 6000000, "changeToLiabilities": 1286000000, "totalCashflowsFromInvestingActivities": -378000000, "netBorrowings": -249000000, "totalCashFromFinancingActivities": -2060000000, "changeToOperatingActivities": -17000000, "issuanceOfStock": 1000000, "netIncome": 1393000000, "changeInCash": -578000000, "repurchaseOfStock": -993000000, "effectOfExchangeRate": -69000000, "totalCashFromOperatingActivities": 1929000000, "depreciation": 1158000000, "otherCashflowsFromInvestingActivities": 7000000, "dividendsPaid": -751000000, "changeToInventory": 76000000, "changeToAccountReceivables": -1250000000, "otherCashflowsFromFinancingActivities": -68000000, "changeToNetincome": -717000000, "capitalExpenditures": -433000000}}}}, "HON": {"balance": {"annual": {"2021-12-31": {"intangibleAssets": 3613000000, "capitalSurplus": 8141000000, "totalLiab": 45221000000, "totalStockholderEquity": 18569000000, "minorityInterest": 680000000, "otherCurrentLiab": 4408000000, "totalAssets": 64470000000, "commonStock": 958000000, "otherCurrentAssets": 1700000000, "retainedEarnings": 42827000000, "otherLiab": 10612000000, "goodWill": 17756000000, "treasuryStock": -33357000000, "otherAssets": 9998000000, "cash": 10959000000, "totalCurrentLiabilities": 19508000000, "deferredLongTermAssetCharges": 489000000, "shortLongTermDebt": 1746000000, "otherStockholderEquity": -2895000000, "propertyPlantEquipment": 6509000000, "totalCurrentAssets": 25372000000, "longTermInvestments": 1222000000, "netTangibleAssets": -2800000000, "shortTermInvestments": 564000000, "netReceivables": 7011000000, "longTermDebt": 14155000000, "inventory": 5138000000, "accountsPayable": 6484000000}, "2020-12-31": {"intangibleAssets": 3560000000, "capitalSurplus": 7292000000, "totalLiab": 46789000000, "totalStockholderEquity": 17549000000, "minorityInterest": 248000000, "otherCurrentLiab": 4323000000, "totalAssets": 64586000000, "commonStock": 958000000, "otherCurrentAssets": 1463000000, "retainedEarnings": 39905000000, "otherLiab": 10609000000, "goodWill": 16058000000, "treasuryStock": -30606000000, "otherAssets": 9765000000, "cash": 14275000000, "totalCurrentLiabilities": 19197000000, "deferredLongTermAssetCharges": 760000000, "shortLongTermDebt": 2385000000, "otherStockholderEquity": -3377000000, "propertyPlantEquipment": 6343000000, "totalCurrentAssets": 28175000000, "longTermInvestments": 685000000, "netTangibleAssets": -2069000000, "shortTermInvestments": 945000000, "netReceivables": 7003000000, "longTermDebt": 16218000000, "inventory": 4489000000, "accountsPayable": 5750000000}, "2019-12-31": {"intangibleAssets": 3734000000, "capitalSurplus": 6876000000, "totalLiab": 39966000000, "totalStockholderEquity": 18494000000, "minorityInterest": 219000000, "otherCurrentLiab": 3957000000, "totalAssets": 58679000000, "commonStock": 958000000, "otherCurrentAssets": 1658000000, "retainedEarnings": 37693000000, "otherLiab": 10224000000, "goodWill": 15563000000, "treasuryStock": -27033000000, "otherAssets": 8493000000, "cash": 9067000000, "totalCurrentLiabilities": 18098000000, "deferredLongTermAssetCharges": 86000000, "shortLongTermDebt": 1317000000, "otherStockholderEquity": -3197000000, "propertyPlantEquipment": 5998000000, "totalCurrentAssets": 24303000000, "longTermInvestments": 588000000, "netTangibleAssets": -803000000, "shortTermInvestments": 1349000000, "netReceivables": 7808000000, "longTermDebt": 10954000000, "inventory": 4421000000, "accountsPayable": 5730000000}, "2018-12-31": {"intangibleAssets": 4139000000, "capitalSurplus": 6452000000, "totalLiab": 39408000000, "totalStockholderEquity": 18180000000, "minorityInterest": 185000000, "otherCurrentLiab": 3623000000, "totalAssets": 57773000000, "commonStock": 958000000, "otherCurrentAssets": 1478000000, "retainedEarnings": 33978000000, "otherLiab": 10728000000, "goodWill": 15546000000, "treasuryStock": -23208000000, "otherAssets": 7688000000, "cash": 9287000000, "totalCurrentLiabilities": 18924000000, "deferredLongTermAssetCharges": 382000000, "shortLongTermDebt": 2872000000, "otherStockholderEquity": -3437000000, "propertyPlantEquipment": 5296000000, "totalCurrentAssets": 24362000000, "longTermInvestments": 742000000, "netTangibleAssets": -1505000000, "shortTermInvestments": 1623000000, "netReceivables": 7648000000, "longTermDebt": 9756000000, "inventory": 4326000000, "accountsPayable": 5607000000}}, "quarterly": {"2022-06-30": {"intangibleAssets": 3385000000, "capitalSurplus": 8397000000, "totalLiab": 44061000000, "totalStockholderEquity": 17541000000, "minorityInterest": 656000000, "otherCurrentLiab": 236000000, "totalAssets": 62258000000, "commonStock": 958000000, "otherCurrentAssets": 1693000000, "retainedEarnings": 43883000000, "otherLiab": 10825000000, "goodWill": 17528000000, "treasuryStock": -35697000000, "otherAssets": 10451000000, "cash": 8248000000, "totalCurrentLiabilities": 19947000000, "deferredLongTermAssetCharges": 491000000, "shortLongTermDebt": 3035000000, "otherStockholderEquity": -2883000000, "propertyPlantEquipment": 6250000000, "totalCurrentAssets": 23847000000, "longTermInvestments": 797000000, "netTangibleAssets": -3372000000, "shortTermInvestments": 411000000, "netReceivables": 7919000000, "longTermDebt": 12389000000, "inventory": 5576000000, "accountsPayable": 6245000000}, "2022-03-31": {"intangibleAssets": 3534000000, "totalLiab": 44294000000, "totalStockholderEquity": 19051000000, "minorityInterest": 7000000, "totalAssets": 63352000000, "commonStock": 19051000000, "otherCurrentAssets": 1916000000, "otherLiab": 11631000000, "goodWill": 17863000000, "otherAssets": 11169000000, "cash": 9281000000, "totalCurrentLiabilities": 20027000000, "deferredLongTermAssetCharges": 494000000, "shortLongTermDebt": 3207000000, "propertyPlantEquipment": 5470000000, "totalCurrentAssets": 24281000000, "longTermInvestments": 1035000000, "netTangibleAssets": -2346000000, "shortTermInvestments": 493000000, "netReceivables": 7119000000, "longTermDebt": 12636000000, "inventory": 5472000000, "accountsPayable": 6285000000}, "2021-12-31": {"intangibleAssets": 3613000000, "capitalSurplus": 8141000000, "totalLiab": 45221000000, "totalStockholderEquity": 18569000000, "minorityInterest": 680000000, "otherCurrentLiab": 4408000000, "totalAssets": 64470000000, "commonStock": 958000000, "otherCurrentAssets": 1700000000, "retainedEarnings": 42827000000, "otherLiab": 10612000000, "goodWill": 17756000000, "treasuryStock": -33357000000, "otherAssets": 9998000000, "cash": 10959000000, "totalCurrentLiabilities": 19508000000, "deferredLongTermAssetCharges": 489000000, "shortLongTermDebt": 1746000000, "otherStockholderEquity": -2895000000, "propertyPlantEquipment": 6509000000, "totalCurrentAssets": 25372000000, "longTermInvestments": 1222000000, "netTangibleAssets": -2800000000, "shortTermInvestments": 564000000, "netReceivables": 7011000000, "longTermDebt": 14155000000, "inventory": 5138000000, "accountsPayable": 6484000000}, "2021-09-30": {"intangibleAssets": 3637000000, "capitalSurplus": 7612000000, "totalLiab": 46070000000, "totalStockholderEquity": 17842000000, "minorityInterest": 279000000, "otherCurrentLiab": 300000000, "totalAssets": 64191000000, "commonStock": 958000000, "otherCurrentAssets": 1516000000, "retainedEarnings": 42079000000, "otherLiab": 10693000000, "goodWill": 16963000000, "treasuryStock": -32807000000, "otherAssets": 9865000000, "cash": 11087000000, "totalCurrentLiabilities": 20207000000, "deferredLongTermAssetCharges": 760000000, "shortLongTermDebt": 3286000000, "otherStockholderEquity": -3193000000, "propertyPlantEquipment": 6450000000, "totalCurrentAssets": 26033000000, "longTermInvestments": 1243000000, "netTangibleAssets": -2758000000, "shortTermInvestments": 1049000000, "netReceivables": 7414000000, "longTermDebt": 14243000000, "inventory": 4967000000, "accountsPayable": 6116000000}}}, "income": {"annual": {"2021-12-31": {"researchDevelopment": null, "effectOfAccountingCharges": null, "incomeBeforeTax": 7235000000, "minorityInterest": 680000000, "netIncome": 5542000000, "sellingGeneralAdministrative": 3525000000, "grossProfit": 10998000000, "ebit": 7473000000, "operatingIncome": 7473000000, "otherOperatingExpenses": null, "interestExpense": -359000000, "extraordinaryItems": null, "nonRecurring": null, "otherItems": null, "incomeTaxExpense": 1625000000, "totalRevenue": 34392000000, "totalOperatingExpenses": 26919000000, "costOfRevenue": 23394000000, "totalOtherIncomeExpenseNet": -238000000, "discontinuedOperations": null, "netIncomeFromContinuingOps": 5610000000, "netIncomeApplicableToCommonShares": 5542000000}, "2020-12-31": {"researchDevelopment": null, "effectOfAccountingCharges": null, "incomeBeforeTax": 6012000000, "minorityInterest": 248000000, "netIncome": 4779000000, "sellingGeneralAdministrative": 3814000000, "grossProfit": 10468000000, "ebit": 6654000000, "operatingIncome": 6654000000, "otherOperatingExpenses": null, "interestExpense": -377000000, "extraordinaryItems": null, "nonRecurring": null, "otherItems": null, "incomeTaxExpense": 1147000000, "totalRevenue": 32637000000, "totalOperatingExpenses": 25983000000, "costOfRevenue": 22169000000, "totalOtherIncomeExpenseNet": -642000000, "discontinuedOperations": null, "netIncomeFromContinuingOps": 4865000000, "netIncomeApplicableToCommonShares": 4779000000}, "2019-12-31": {"researchDevelopment": null, "effectOfAccountingCharges": null, "incomeBeforeTax": 7559000000, "minorityInterest": 219000000, "netIncome": 6143000000, "sellingGeneralAdministrative": 4866000000, "grossProfit": 12370000000, "ebit": 7504000000, "operatingIncome": 7504000000, "otherOperatingExpenses": null, "interestExpense": -376000000, "extraordinaryItems": null, "nonRecurring": null, "otherItems": null, "incomeTaxExpense": 1329000000, "totalRevenue": 36709000000, "totalOperatingExpenses": 29205000000, "costOfRevenue": 24339000000, "totalOtherIncomeExpenseNet": 55000000, "discontinuedOperations": null, "netIncomeFromContinuingOps": 6230000000, "netIncomeApplicableToCommonShares": 6143000000}, "2018-12-31": {"researchDevelopment": null, "effectOfAccountingCharges": null, "incomeBeforeTax": 7487000000, "minorityInterest": 185000000, "netIncome": 6765000000, "sellingGeneralAdministrative": 4854000000, "grossProfit": 12756000000, "ebit": 7902000000, "operatingIncome": 7902000000, "otherOperatingExpenses": null, "interestExpense": -367000000, "extraordinaryItems": null, "nonRecurring": null, "otherItems": null, "incomeTaxExpense": 659000000, "totalRevenue": 41802000000, "totalOperatingExpenses": 33900000000, "costOfRevenue": 29046000000, "totalOtherIncomeExpenseNet": -415000000, "discontinuedOperations": null, "netIncomeFromContinuingOps": 6828000000, "netIncomeApplicableToCommonShares": 6765000000}}, "quarterly": {"2022-06-30": {"researchDevelopment": null, "effectOfAccountingCharges": null, "incomeBeforeTax": 1704000000, "minorityInterest": 656000000, "netIncome": 1261000000, "sellingGeneralAdministrative": 1013000000, "grossProfit": 2907000000, "ebit": 1894000000, "operatingIncome": 1894000000, "otherOperatingExpenses": null, "interestExpense": -84000000, "extraordinaryItems": null, "nonRecurring": null, "otherItems": null, "incomeTaxExpense": 441000000, "totalRevenue": 8953000000, "totalOperatingExpenses": 7059000000, "costOfRevenue": 6046000000, "totalOtherIncomeExpenseNet": -190000000, "discontinuedOperations": null, "netIncomeFromContinuingOps": 1263000000, "netIncomeApplicableToCommonShares": 1261000000}, "2022-03-31": {"researchDevelopment": null, "effectOfAccountingCharges": null, "incomeBeforeTax": 1505000000, "minorityInterest": 7000000, "netIncome": 1134000000, "sellingGeneralAdministrative": 1431000000, "grossProfit": 2702000000, "ebit": 1271000000, "operatingIncome": 1271000000, "otherOperatingExpenses": null, "interestExpense": -85000000, "extraordinaryItems": null, "nonRecurring": null, "otherItems": null, "incomeTaxExpense": 371000000, "totalRevenue": 8376000000, "totalOperatingExpenses": 7105000000, "costOfRevenue": 5674000000, "totalOtherIncomeExpenseNet": 234000000, "discontinuedOperations": null, "netIncomeFromContinuingOps": 1134000000, "netIncomeApplicableToCommonShares": 1134000000}, "2021-12-31": {"researchDevelopment": null, "effectOfAccountingCharges": null, "incomeBeforeTax": 1793000000, "minorityInterest": 680000000, "netIncome": 1428000000, "sellingGeneralAdministrative": 908000000, "grossProfit": 2721000000, "ebit": 1813000000, "operatingIncome": 1813000000, "otherOperatingExpenses": null, "interestExpense": -108000000, "extraordinaryItems": null, "nonRecurring": null, "otherItems": null, "incomeTaxExpense": 351000000, "totalRevenue": 8657000000, "totalOperatingExpenses": 6844000000, "costOfRevenue": 5936000000, "totalOtherIncomeExpenseNet": -20000000, "discontinuedOperations": null, "netIncomeFromContinuingOps": 1442000000, "netIncomeApplicableToCommonShares": 1428000000}, "2021-09-30": {"researchDevelopment": null, "effectOfAccountingCharges": null, "incomeBeforeTax": 1700000000, "minorityInterest": 279000000, "netIncome": 1257000000, "sellingGeneralAdministrative": 828000000, "grossProfit": 2727000000, "ebit": 1899000000, "operatingIncome": 1899000000, "otherOperatingExpenses": null, "interestExpense": -86000000, "extraordinaryItems": null, "nonRecurring": null, "otherItems": null, "incomeTaxExpense": 427000000, "totalRevenue": 8473000000, "totalOperatingExpenses": 6574000000, "costOfRevenue": 5746000000, "totalOtherIncomeExpenseNet": -199000000, "discontinuedOperations": null, "netIncomeFromContinuingOps": 1273000000, "netIncomeApplicableToCommonShares": 1257000000}}}, "cash": {"annual": {"2021-12-31": {"investments": 152000000, "changeToLiabilities": 744000000, "totalCashflowsFromInvestingActivities": -1061000000, "netBorrowings": -2396000000, "totalCashFromFinancingActivities": -8254000000, "changeToOperatingActivities": 237000000, "issuanceOfStock": 229000000, "netIncome": 5542000000, "changeInCash": -3316000000, "repurchaseOfStock": -3380000000, "effectOfExchangeRate": -39000000, "totalCashFromOperatingActivities": 6038000000, "depreciation": 1223000000, "otherCashflowsFromInvestingActivities": 778000000, "dividendsPaid": -2626000000, "changeToInventory": -685000000, "changeToAccountReceivables": -8000000, "otherCashflowsFromFinancingActivities": -81000000, "changeToNetincome": -1015000000, "capitalExpenditures": -895000000}, "2020-12-31": {"investments": 272000000, "changeToLiabilities": 15000000, "totalCashflowsFromInvestingActivities": -987000000, "netBorrowings": 5891000000, "totalCashFromFinancingActivities": -81000000, "changeToOperatingActivities": 746000000, "issuanceOfStock": 393000000, "netIncome": 4779000000, "changeInCash": 5208000000, "repurchaseOfStock": -3714000000, "effectOfExchangeRate": 68000000, "totalCashFromOperatingActivities": 6208000000, "depreciation": 1002000000, "otherCashflowsFromInvestingActivities": -149000000, "dividendsPaid": -2592000000, "changeToInventory": -67000000, "changeToAccountReceivables": 669000000, "otherCashflowsFromFinancingActivities": -59000000, "changeToNetincome": -936000000, "capitalExpenditures": -906000000}, "2019-12-31": {"investments": 211000000, "changeToLiabilities": 118000000, "totalCashflowsFromInvestingActivities": -533000000, "netBorrowings": -177000000, "totalCashFromFinancingActivities": -6600000000, "changeToOperatingActivities": 15000000, "issuanceOfStock": 498000000, "netIncome": 6143000000, "changeInCash": -220000000, "repurchaseOfStock": -4400000000, "effectOfExchangeRate": 16000000, "totalCashFromOperatingActivities": 6897000000, "depreciation": 1088000000, "otherCashflowsFromInvestingActivities": 102000000, "dividendsPaid": -2442000000, "changeToInventory": -100000000, "changeToAccountReceivables": 11000000, "otherCashflowsFromFinancingActivities": -79000000, "changeToNetincome": -378000000, "capitalExpenditures": -839000000}, "2018-12-31": {"investments": 1973000000, "changeToLiabilities": 733000000, "totalCashflowsFromInvestingActivities": 1027000000, "netBorrowings": -1507000000, "totalCashFromFinancingActivities": -5032000000, "changeToOperatingActivities": 292000000, "issuanceOfStock": 267000000, "netIncome": 6765000000, "changeInCash": 2228000000, "repurchaseOfStock": -4000000000, "effectOfExchangeRate": -201000000, "totalCashFromOperatingActivities": 6434000000, "depreciation": 1116000000, "otherCashflowsFromInvestingActivities": 402000000, "dividendsPaid": -2272000000, "changeToInventory": -503000000, "changeToAccountReceivables": -236000000, "otherCashflowsFromFinancingActivities": 2480000000, "changeToNetincome": -1733000000, "capitalExpenditures": -828000000}}, "quarterly": {"2022-06-30": {"investments": 95000000, "changeToLiabilities": -41000000, "totalCashflowsFromInvestingActivities": 424000000, "netBorrowings": -51000000, "totalCashFromFinancingActivities": -2113000000, "changeToOperatingActivities": -148000000, "issuanceOfStock": 52000000, "netIncome": 1261000000, "changeInCash": -1033000000, "repurchaseOfStock": -1419000000, "effectOfExchangeRate": -133000000, "totalCashFromOperatingActivities": 789000000, "depreciation": 275000000, "otherCashflowsFromInvestingActivities": 488000000, "dividendsPaid": -691000000, "changeToInventory": -103000000, "changeToAccountReceivables": -619000000, "otherCashflowsFromFinancingActivities": -4000000, "changeToNetincome": 164000000, "capitalExpenditures": -158000000}, "2022-03-31": {"investments": 81000000, "changeToLiabilities": -199000000, "totalCashflowsFromInvestingActivities": -10000000, "netBorrowings": -39000000, "totalCashFromFinancingActivities": -1719000000, "changeToOperatingActivities": -631000000, "issuanceOfStock": 23000000, "netIncome": 1134000000, "changeInCash": -1678000000, "repurchaseOfStock": -1018000000, "effectOfExchangeRate": 15000000, "totalCashFromOperatingActivities": 36000000, "depreciation": 330000000, "otherCashflowsFromInvestingActivities": 258000000, "dividendsPaid": -668000000, "changeToInventory": -331000000, "changeToAccountReceivables": -285000000, "otherCashflowsFromFinancingActivities": -17000000, "changeToNetincome": 18000000, "capitalExpenditures": -183000000}, "2021-12-31": {"investments": 235000000, "changeToLiabilities": 365000000, "totalCashflowsFromInvestingActivities": 286000000, "netBorrowings": -1553000000, "totalCashFromFinancingActivities": -3059000000, "changeToOperatingActivities": 455000000, "issuanceOfStock": 58000000, "netIncome": 1428000000, "changeInCash": -128000000, "repurchaseOfStock": -881000000, "effectOfExchangeRate": -18000000, "totalCashFromOperatingActivities": 2663000000, "depreciation": 290000000, "otherCashflowsFromInvestingActivities": 315000000, "dividendsPaid": -676000000, "changeToInventory": -169000000, "changeToAccountReceivables": 411000000, "otherCashflowsFromFinancingActivities": -7000000, "changeToNetincome": -117000000, "capitalExpenditures": -281000000}, "2021-09-30": {"investments": -17000000, "changeToLiabilities": -23000000, "totalCashflowsFromInvestingActivities": -104000000, "netBorrowings": -38000000, "totalCashFromFinancingActivities": -1318000000, "changeToOperatingActivities": 136000000, "issuanceOfStock": 57000000, "netIncome": 1257000000, "changeInCash": -340000000, "repurchaseOfStock": -650000000, "effectOfExchangeRate": -37000000, "totalCashFromOperatingActivities": 1119000000, "depreciation": 308000000, "otherCashflowsFromInvestingActivities": 111000000, "dividendsPaid": -646000000, "changeToInventory": -245000000, "changeToAccountReceivables": -292000000, "otherCashflowsFromFinancingActivities": -41000000, "changeToNetincome": -22000000, "capitalExpenditures": -208000000}}}}, "LMT": {"balance": {"annual": {"2021-12-31": {"intangibleAssets": 3483000000, "capitalSurplus": 94000000, "totalLiab": 39914000000, "totalStockholderEquity": 10959000000, "otherCurrentLiab": 9778000000, "totalAssets": 50873000000, "commonStock": 271000000, "otherCurrentAssets": 688000000, "retainedEarnings": 21600000000, "otherLiab": 13146000000, "goodWill": 10813000000, "treasuryStock": -11006000000, "otherAssets": 7176000000, "cash": 3604000000, "totalCurrentLiabilities": 13997000000, "deferredLongTermAssetCharges": 2290000000, "shortLongTermDebt": 6000000, "otherStockholderEquity": -11006000000, "propertyPlantEquipment": 8897000000, "totalCurrentAssets": 19815000000, "longTermInvestments": 689000000, "netTangibleAssets": -3337000000, "netReceivables": 12542000000, "longTermDebt": 11670000000, "inventory": 2981000000, "accountsPayable": 780000000}, "2020-12-31": {"intangibleAssets": 3698000000, "capitalSurplus": 221000000, "totalLiab": 44672000000, "totalStockholderEquity": 6015000000, "minorityInterest": 23000000, "otherCurrentLiab": 9390000000, "totalAssets": 50710000000, "commonStock": 279000000, "otherCurrentAssets": 1150000000, "retainedEarnings": 21636000000, "otherLiab": 19070000000, "goodWill": 10806000000, "treasuryStock": -16121000000, "otherAssets": 8831000000, "cash": 3160000000, "totalCurrentLiabilities": 13933000000, "deferredLongTermAssetCharges": 3475000000, "shortLongTermDebt": 500000000, "otherStockholderEquity": -16121000000, "propertyPlantEquipment": 7213000000, "totalCurrentAssets": 19378000000, "longTermInvestments": 784000000, "netTangibleAssets": -8489000000, "netReceivables": 11523000000, "longTermDebt": 11669000000, "inventory": 3545000000, "accountsPayable": 880000000}, "2019-12-31": {"intangibleAssets": 3724000000, "totalLiab": 44357000000, "totalStockholderEquity": 3127000000, "minorityInterest": 44000000, "otherCurrentLiab": 8975000000, "totalAssets": 47528000000, "commonStock": 280000000, "otherCurrentAssets": 531000000, "retainedEarnings": 18401000000, "otherLiab": 18981000000, "goodWill": 10604000000, "treasuryStock": -15554000000, "otherAssets": 8314000000, "cash": 1514000000, "totalCurrentLiabilities": 13972000000, "deferredLongTermAssetCharges": 3319000000, "shortLongTermDebt": 1250000000, "otherStockholderEquity": -15554000000, "propertyPlantEquipment": 6591000000, "totalCurrentAssets": 17095000000, "longTermInvestments": 1200000000, "netTangibleAssets": -11201000000, "netReceivables": 11431000000, "longTermDebt": 11404000000, "inventory": 3619000000, "accountsPayable": 1281000000}, "2018-12-31": {"intangibleAssets": 3941000000, "totalLiab": 43427000000, "totalStockholderEquity": 1394000000, "minorityInterest": 55000000, "otherCurrentLiab": 8374000000, "totalAssets": 44876000000, "commonStock": 281000000, "otherCurrentAssets": 418000000, "retainedEarnings": 15434000000, "otherLiab": 16425000000, "goodWill": 10769000000, "treasuryStock": -14321000000, "otherAssets": 6739000000, "cash": 772000000, "totalCurrentLiabilities": 14398000000, "deferredLongTermAssetCharges": 3208000000, "shortLongTermDebt": 900000000, "otherStockholderEquity": -14321000000, "propertyPlantEquipment": 6124000000, "totalCurrentAssets": 16103000000, "longTermInvestments": 1200000000, "netTangibleAssets": -13316000000, "netReceivables": 11916000000, "longTermDebt": 12604000000, "inventory": 2997000000, "accountsPayable": 2402000000}}, "quarterly": {"2022-06-26": {"intangibleAssets": 2584000000, "totalLiab": 40326000000, "totalStockholderEquity": 11432000000, "otherCurrentLiab": 11235000000, "totalAssets": 51758000000, "commonStock": 264000000, "otherCurrentAssets": 613000000, "retainedEarnings": 19336000000, "otherLiab": 12203000000, "goodWill": 10794000000, "treasuryStock": -8168000000, "otherAssets": 9838000000, "cash": 1775000000, "totalCurrentLiabilities": 16479000000, "deferredLongTermAssetCharges": 2680000000, "otherStockholderEquity": -8168000000, "propertyPlantEquipment": 7569000000, "totalCurrentAssets": 20973000000, "netTangibleAssets": -1946000000, "netReceivables": 15154000000, "longTermDebt": 11644000000, "inventory": 3431000000, "accountsPayable": 2309000000}, "2022-03-27": {"intangibleAssets": 2644000000, "totalLiab": 41508000000, "totalStockholderEquity": 10002000000, "otherCurrentLiab": 10277000000, "totalAssets": 51510000000, "commonStock": 265000000, "otherCurrentAssets": 706000000, "retainedEarnings": 20716000000, "otherLiab": 14316000000, "goodWill": 10811000000, "treasuryStock": -10979000000, "otherAssets": 10104000000, "cash": 1883000000, "totalCurrentLiabilities": 16047000000, "deferredLongTermAssetCharges": 2688000000, "shortLongTermDebt": 500000000, "otherStockholderEquity": -10979000000, "propertyPlantEquipment": 7561000000, "totalCurrentAssets": 20390000000, "netTangibleAssets": -3453000000, "netReceivables": 14657000000, "longTermDebt": 11145000000, "inventory": 3144000000, "accountsPayable": 2599000000}, "2021-12-31": {"intangibleAssets": 3483000000, "capitalSurplus": 94000000, "totalLiab": 39914000000, "totalStockholderEquity": 10959000000, "otherCurrentLiab": 9778000000, "totalAssets": 50873000000, "commonStock": 271000000, "otherCurrentAssets": 688000000, "retainedEarnings": 21600000000, "otherLiab": 13146000000, "goodWill": 10813000000, "treasuryStock": -11006000000, "otherAssets": 7176000000, "cash": 3604000000, "totalCurrentLiabilities": 13997000000, "deferredLongTermAssetCharges": 2290000000, "shortLongTermDebt": 6000000, "otherStockholderEquity": -11006000000, "propertyPlantEquipment": 8897000000, "totalCurrentAssets": 19815000000, "longTermInvestments": 689000000, "netTangibleAssets": -3337000000, "netReceivables": 12542000000, "longTermDebt": 11670000000, "inventory": 2981000000, "accountsPayable": 780000000}, "2021-09-26": {"intangibleAssets": 2768000000, "capitalSurplus": 98000000, "totalLiab": 42212000000, "totalStockholderEquity": 9631000000, "otherCurrentLiab": 10378000000, "totalAssets": 51843000000, "commonStock": 274000000, "otherCurrentAssets": 763000000, "retainedEarnings": 21476000000, "otherLiab": 15518000000, "goodWill": 10815000000, "treasuryStock": -12217000000, "otherAssets": 9571000000, "cash": 2727000000, "totalCurrentLiabilities": 15026000000, "deferredLongTermAssetCharges": 2664000000, "shortLongTermDebt": 6000000, "otherStockholderEquity": -12217000000, "propertyPlantEquipment": 7332000000, "totalCurrentAssets": 21357000000, "netTangibleAssets": -3952000000, "netReceivables": 14964000000, "longTermDebt": 11668000000, "inventory": 2903000000, "accountsPayable": 1520000000}}}, "income": {"annual": {"2021-12-31": {"researchDevelopment": null, "effectOfAccountingCharges": null, "incomeBeforeTax": 7550000000, "minorityInterest": null, "netIncome": 6315000000, "sellingGeneralAdministrative": 1241000000, "grossProfit": 9097000000, "ebit": 7821000000, "operatingIncome": 7821000000, "otherOperatingExpenses": 35000000, "interestExpense": -569000000, "extraordinaryItems": null, "nonRecurring": null, "otherItems": null, "incomeTaxExpense": 1235000000, "totalRevenue": 67044000000, "totalOperatingExpenses": 59223000000, "costOfRevenue": 57947000000, "totalOtherIncomeExpenseNet": -271000000, "discontinuedOperations": null, "netIncomeFromContinuingOps": 6315000000, "netIncomeApplicableToCommonShares": 6315000000}, "2020-12-31": {"researchDevelopment": null, "effectOfAccountingCharges": null, "incomeBeforeTax": 8235000000, "minorityInterest": 23000000, "netIncome": 6833000000, "sellingGeneralAdministrative": -241000000, "grossProfit": 8681000000, "ebit": 8877000000, "operatingIncome": 8877000000, "otherOperatingExpenses": 45000000, "interestExpense": -591000000, "extraordinaryItems": null, "nonRecurring": null, "otherItems": null, "incomeTaxExpense": 1347000000, "totalRevenue": 65398000000, "totalOperatingExpenses": 56521000000, "costOfRevenue": 56717000000, "totalOtherIncomeExpenseNet": -642000000, "discontinuedOperations": -55000000, "netIncomeFromContinuingOps": 6888000000, "netIncomeApplicableToCommonShares": 6833000000}, "2019-12-31": {"researchDevelopment": null, "effectOfAccountingCharges": null, "incomeBeforeTax": 7241000000, "minorityInterest": 44000000, "netIncome": 6230000000, "sellingGeneralAdministrative": 608000000, "grossProfit": 8367000000, "ebit": 7698000000, "operatingIncome": 7698000000, "otherOperatingExpenses": 61000000, "interestExpense": -653000000, "extraordinaryItems": null, "nonRecurring": null, "otherItems": null, "incomeTaxExpense": 1011000000, "totalRevenue": 59812000000, "totalOperatingExpenses": 52114000000, "costOfRevenue": 51445000000, "totalOtherIncomeExpenseNet": -457000000, "discontinuedOperations": -55000000, "netIncomeFromContinuingOps": 6230000000, "netIncomeApplicableToCommonShares": 6230000000}, "2018-12-31": {"researchDevelopment": null, "effectOfAccountingCharges": null, "incomeBeforeTax": 5838000000, "minorityInterest": 55000000, "netIncome": 5046000000, "sellingGeneralAdministrative": 777000000, "grossProfit": 7370000000, "ebit": 6644000000, "operatingIncome": 6644000000, "otherOperatingExpenses": -51000000, "interestExpense": -668000000, "extraordinaryItems": null, "nonRecurring": null, "otherItems": null, "incomeTaxExpense": 792000000, "totalRevenue": 53762000000, "totalOperatingExpenses": 47118000000, "costOfRevenue": 46392000000, "totalOtherIncomeExpenseNet": -806000000, "discontinuedOperations": -55000000, "netIncomeFromContinuingOps": 5046000000, "netIncomeApplicableToCommonShares": 5046000000}}, "quarterly": {"2022-06-26": {"researchDevelopment": null, "effectOfAccountingCharges": null, "incomeBeforeTax": 330000000, "minorityInterest": null, "netIncome": 309000000, "sellingGeneralAdministrative": 1304000000, "grossProfit": 1956000000, "ebit": 654000000, "operatingIncome": 654000000, "otherOperatingExpenses": -2000000, "interestExpense": -141000000, "extraordinaryItems": null, "nonRecurring": null, "otherItems": null, "incomeTaxExpense": 21000000, "totalRevenue": 15446000000, "totalOperatingExpenses": 14792000000, "costOfRevenue": 13490000000, "totalOtherIncomeExpenseNet": -324000000, "discontinuedOperations": null, "netIncomeFromContinuingOps": 309000000, "netIncomeApplicableToCommonShares": 309000000}, "2022-03-27": {"researchDevelopment": null, "effectOfAccountingCharges": null, "incomeBeforeTax": 2061000000, "minorityInterest": null, "netIncome": 1733000000, "sellingGeneralAdministrative": -166000000, "grossProfit": 1909000000, "ebit": 2064000000, "operatingIncome": 2064000000, "otherOperatingExpenses": 11000000, "interestExpense": -135000000, "extraordinaryItems": null, "nonRecurring": null, "otherItems": null, "incomeTaxExpense": 328000000, "totalRevenue": 14964000000, "totalOperatingExpenses": 12900000000, "costOfRevenue": 13055000000, "totalOtherIncomeExpenseNet": -3000000, "discontinuedOperations": null, "netIncomeFromContinuingOps": 1733000000, "netIncomeApplicableToCommonShares": 1733000000}, "2021-12-31": {"researchDevelopment": null, "effectOfAccountingCharges": null, "incomeBeforeTax": 2490000000, "minorityInterest": null, "netIncome": 2049000000, "sellingGeneralAdministrative": -105000000, "grossProfit": 2422000000, "ebit": 2498000000, "operatingIncome": 2498000000, "otherOperatingExpenses": 29000000, "interestExpense": -146000000, "extraordinaryItems": null, "nonRecurring": null, "otherItems": null, "incomeTaxExpense": 441000000, "totalRevenue": 17729000000, "totalOperatingExpenses": 15231000000, "costOfRevenue": 15307000000, "totalOtherIncomeExpenseNet": -8000000, "discontinuedOperations": null, "netIncomeFromContinuingOps": 2049000000, "netIncomeApplicableToCommonShares": 2049000000}, "2021-09-26": {"researchDevelopment": null, "effectOfAccountingCharges": null, "incomeBeforeTax": 679000000, "minorityInterest": null, "netIncome": 614000000, "sellingGeneralAdministrative": 1559000000, "grossProfit": 2302000000, "ebit": 735000000, "operatingIncome": 735000000, "otherOperatingExpenses": 8000000, "interestExpense": -141000000, "extraordinaryItems": null, "nonRecurring": null, "otherItems": null, "incomeTaxExpense": 65000000, "totalRevenue": 16028000000, "totalOperatingExpenses": 15293000000, "costOfRevenue": 13726000000, "totalOtherIncomeExpenseNet": -56000000, "discontinuedOperations": null, "netIncomeFromContinuingOps": 614000000, "netIncomeApplicableToCommonShares": 614000000}}}, "cash": {"annual": {"2021-12-31": {"changeToLiabilities": 464000000, "totalCashflowsFromInvestingActivities": -1161000000, "netBorrowings": -500000000, "totalCashFromFinancingActivities": -7616000000, "changeToOperatingActivities": -267000000, "netIncome": 6315000000, "changeInCash": 444000000, "repurchaseOfStock": -4087000000, "totalCashFromOperatingActivities": 9221000000, "depreciation": 1189000000, "otherCashflowsFromInvestingActivities": 361000000, "dividendsPaid": -2940000000, "changeToInventory": 564000000, "changeToAccountReceivables": -1019000000, "otherCashflowsFromFinancingActivities": -89000000, "changeToNetincome": 1755000000, "capitalExpenditures": -1522000000}, "2020-12-31": {"changeToLiabilities": 119000000, "totalCashflowsFromInvestingActivities": -2010000000, "netBorrowings": -519000000, "totalCashFromFinancingActivities": -4527000000, "changeToOperatingActivities": -1197000000, "netIncome": 6833000000, "changeInCash": 1646000000, "repurchaseOfStock": -1100000000, "totalCashFromOperatingActivities": 8183000000, "depreciation": 1124000000, "otherCashflowsFromInvestingActivities": 38000000, "dividendsPaid": -2764000000, "changeToInventory": 74000000, "changeToAccountReceivables": -92000000, "otherCashflowsFromFinancingActivities": -144000000, "changeToNetincome": 1175000000, "capitalExpenditures": -1766000000}, "2019-12-31": {"changeToLiabilities": -535000000, "totalCashflowsFromInvestingActivities": -1241000000, "netBorrowings": -1500000000, "totalCashFromFinancingActivities": -5328000000, "changeToOperatingActivities": 81000000, "netIncome": 6230000000, "changeInCash": 742000000, "repurchaseOfStock": -1200000000, "totalCashFromOperatingActivities": 7311000000, "depreciation": 1078000000, "otherCashflowsFromInvestingActivities": 243000000, "dividendsPaid": -2556000000, "changeToInventory": -622000000, "changeToAccountReceivables": 485000000, "otherCashflowsFromFinancingActivities": -72000000, "changeToNetincome": 634000000, "capitalExpenditures": -1484000000}, "2018-12-31": {"changeToLiabilities": 377000000, "totalCashflowsFromInvestingActivities": -1075000000, "netBorrowings": -150000000, "totalCashFromFinancingActivities": -4152000000, "changeToOperatingActivities": -3574000000, "netIncome": 5046000000, "changeInCash": -2089000000, "repurchaseOfStock": -1492000000, "totalCashFromOperatingActivities": 3138000000, "depreciation": 1055000000, "otherCashflowsFromInvestingActivities": 203000000, "dividendsPaid": -2347000000, "changeToInventory": -119000000, "changeToAccountReceivables": -1659000000, "otherCashflowsFromFinancingActivities": -163000000, "changeToNetincome": 829000000, "capitalExpenditures": -1278000000}}, "quarterly": {"2022-06-26": {"changeToLiabilities": -132000000, "totalCashflowsFromInvestingActivities": -332000000, "netBorrowings": 17000000, "totalCashFromFinancingActivities": -1107000000, "changeToOperatingActivities": -115000000, "netIncome": 309000000, "changeInCash": -108000000, "repurchaseOfStock": -356000000, "totalCashFromOperatingActivities": 1331000000, "depreciation": 343000000, "otherCashflowsFromInvestingActivities": -28000000, "dividendsPaid": -744000000, "changeToInventory": -287000000, "changeToAccountReceivables": -497000000, "otherCashflowsFromFinancingActivities": -24000000, "changeToNetincome": 1342000000, "capitalExpenditures": -304000000}, "2022-03-27": {"changeToLiabilities": 1624000000, "totalCashflowsFromInvestingActivities": -251000000, "netBorrowings": 17000000, "totalCashFromFinancingActivities": -2880000000, "changeToOperatingActivities": -116000000, "netIncome": 1733000000, "changeInCash": -1721000000, "repurchaseOfStock": -2000000000, "totalCashFromOperatingActivities": 1410000000, "depreciation": 329000000, "otherCashflowsFromInvestingActivities": 17000000, "dividendsPaid": -767000000, "changeToInventory": -163000000, "changeToAccountReceivables": -2115000000, "otherCashflowsFromFinancingActivities": -113000000, "changeToNetincome": -579000000, "capitalExpenditures": -268000000}, "2021-12-31": {"changeToLiabilities": -159000000, "totalCashflowsFromInvestingActivities": -542000000, "netBorrowings": 17000000, "totalCashFromFinancingActivities": -2849000000, "changeToOperatingActivities": -267000000, "netIncome": 2049000000, "changeInCash": 877000000, "repurchaseOfStock": -2087000000, "totalCashFromOperatingActivities": 4268000000, "depreciation": 190000000, "otherCashflowsFromInvestingActivities": 65000000, "dividendsPaid": -762000000, "changeToInventory": -78000000, "changeToAccountReceivables": 2422000000, "otherCashflowsFromFinancingActivities": -113000000, "changeToNetincome": -54000000, "capitalExpenditures": -607000000}, "2021-09-26": {"changeToLiabilities": 46000000, "totalCashflowsFromInvestingActivities": -230000000, "netBorrowings": -500000000, "totalCashFromFinancingActivities": -1725000000, "changeToOperatingActivities": 133000000, "netIncome": 614000000, "changeInCash": -18000000, "repurchaseOfStock": -500000000, "totalCashFromOperatingActivities": 1937000000, "depreciation": 329000000, "otherCashflowsFromInvestingActivities": 86000000, "dividendsPaid": -718000000, "changeToInventory": 216000000, "changeToAccountReceivables": -928000000, "otherCashflowsFromFinancingActivities": -7000000, "changeToNetincome": 1505000000, "capitalExpenditures": -316000000}}}}, "BA": {"balance": {"annual": {"2021-12-31": {"intangibleAssets": 2562000000, "capitalSurplus": 9052000000, "totalLiab": 153398000000, "totalStockholderEquity": -14999000000, "minorityInterest": 153000000, "otherCurrentLiab": 59839000000, "totalAssets": 138552000000, "commonStock": 5061000000, "otherCurrentAssets": 2221000000, "retainedEarnings": 34408000000, "otherLiab": 13329000000, "goodWill": 8068000000, "treasuryStock": -63520000000, "otherAssets": 4231000000, "cash": 8052000000, "totalCurrentLiabilities": 81992000000, "deferredLongTermAssetCharges": 77000000, "shortLongTermDebt": 932000000, "otherStockholderEquity": -11659000000, "propertyPlantEquipment": 12355000000, "totalCurrentAssets": 108666000000, "longTermInvestments": 975000000, "netTangibleAssets": -25629000000, "shortTermInvestments": 8192000000, "netReceivables": 11261000000, "longTermDebt": 55490000000, "inventory": 78823000000, "accountsPayable": 9261000000}, "2020-12-31": {"intangibleAssets": 2843000000, "capitalSurplus": 7787000000, "totalLiab": 170211000000, "totalStockholderEquity": -18316000000, "minorityInterest": 241000000, "otherCurrentLiab": 60252000000, "totalAssets": 152136000000, "commonStock": 5061000000, "otherCurrentAssets": 4286000000, "retainedEarnings": 38610000000, "otherLiab": 19957000000, "goodWill": 8081000000, "treasuryStock": -69774000000, "otherAssets": 3546000000, "cash": 7752000000, "totalCurrentLiabilities": 87280000000, "deferredLongTermAssetCharges": 86000000, "shortLongTermDebt": 793000000, "otherStockholderEquity": -17133000000, "propertyPlantEquipment": 13072000000, "totalCurrentAssets": 121642000000, "longTermInvestments": 1016000000, "netTangibleAssets": -29240000000, "shortTermInvestments": 17838000000, "netReceivables": 9950000000, "longTermDebt": 60987000000, "inventory": 81715000000, "accountsPayable": 12928000000}, "2019-12-31": {"intangibleAssets": 3338000000, "capitalSurplus": 6745000000, "totalLiab": 141925000000, "totalStockholderEquity": -8617000000, "minorityInterest": 317000000, "otherCurrentLiab": 63717000000, "totalAssets": 133625000000, "commonStock": 5061000000, "otherCurrentAssets": 3106000000, "retainedEarnings": 50644000000, "otherLiab": 23673000000, "goodWill": 8060000000, "treasuryStock": -71067000000, "otherAssets": 3086000000, "cash": 9485000000, "totalCurrentLiabilities": 97312000000, "deferredLongTermAssetCharges": 683000000, "shortLongTermDebt": 6840000000, "otherStockholderEquity": -16153000000, "propertyPlantEquipment": 13684000000, "totalCurrentAssets": 102229000000, "longTermInvestments": 1092000000, "netTangibleAssets": -20015000000, "shortTermInvestments": 545000000, "netReceivables": 12309000000, "longTermDebt": 18233000000, "inventory": 76622000000, "accountsPayable": 15553000000}, "2018-12-31": {"intangibleAssets": 3429000000, "capitalSurplus": 6768000000, "totalLiab": 116949000000, "totalStockholderEquity": 339000000, "minorityInterest": 71000000, "otherCurrentLiab": 54936000000, "totalAssets": 117359000000, "commonStock": 5061000000, "otherCurrentAssets": 2335000000, "retainedEarnings": 55941000000, "otherLiab": 24702000000, "goodWill": 7840000000, "treasuryStock": -67431000000, "otherAssets": 2110000000, "cash": 7637000000, "totalCurrentLiabilities": 81590000000, "deferredLongTermAssetCharges": 284000000, "shortLongTermDebt": 2690000000, "otherStockholderEquity": -15083000000, "propertyPlantEquipment": 12645000000, "totalCurrentAssets": 87830000000, "longTermInvestments": 1087000000, "netTangibleAssets": -10930000000, "shortTermInvestments": 927000000, "netReceivables": 13904000000, "longTermDebt": 8501000000, "inventory": 62567000000, "accountsPayable": 12916000000}}, "quarterly": {"2022-06-30": {"intangibleAssets": 2431000000, "capitalSurplus": 9475000000, "totalLiab": 150270000000, "totalStockholderEquity": -14888000000, "minorityInterest": 97000000, "otherCurrentLiab": 52254000000, "totalAssets": 135479000000, "commonStock": 5061000000, "otherCurrentAssets": 2086000000, "retainedEarnings": 33382000000, "otherLiab": 13677000000, "goodWill": 8055000000, "treasuryStock": -62806000000, "otherAssets": 5853000000, "cash": 10090000000, "totalCurrentLiabilities": 84799000000, "deferredLongTermAssetCharges": 106000000, "shortLongTermDebt": 5106000000, "otherStockholderEquity": -11487000000, "propertyPlantEquipment": 10617000000, "totalCurrentAssets": 106000000000, "longTermInvestments": 981000000, "netTangibleAssets": -25374000000, "shortTermInvestments": 1358000000, "netReceivables": 12390000000, "longTermDebt": 50378000000, "inventory": 79917000000, "accountsPayable": 9575000000}, "2022-03-31": {"intangibleAssets": 2492000000, "capitalSurplus": 9295000000, "totalLiab": 151069000000, "totalStockholderEquity": -15398000000, "minorityInterest": 130000000, "otherCurrentLiab": 52564000000, "totalAssets": 135801000000, "commonStock": 5061000000, "otherCurrentAssets": 2356000000, "retainedEarnings": 33189000000, "otherLiab": 14227000000, "goodWill": 8065000000, "treasuryStock": -62943000000, "otherAssets": 5905000000, "cash": 7409000000, "totalCurrentLiabilities": 81692000000, "deferredLongTermAssetCharges": 91000000, "shortLongTermDebt": 2291000000, "otherStockholderEquity": -11370000000, "propertyPlantEquipment": 10755000000, "totalCurrentAssets": 106012000000, "longTermInvestments": 992000000, "netTangibleAssets": -25955000000, "shortTermInvestments": 4873000000, "netReceivables": 11398000000, "longTermDebt": 53743000000, "inventory": 79819000000, "accountsPayable": 8779000000}, "2021-12-31": {"intangibleAssets": 2562000000, "capitalSurplus": 9052000000, "totalLiab": 153398000000, "totalStockholderEquity": -14999000000, "minorityInterest": 153000000, "otherCurrentLiab": 59839000000, "totalAssets": 138552000000, "commonStock": 5061000000, "otherCurrentAssets": 2221000000, "retainedEarnings": 34408000000, "otherLiab": 13329000000, "goodWill": 8068000000, "treasuryStock": -63520000000, "otherAssets": 4231000000, "cash": 8052000000, "totalCurrentLiabilities": 81992000000, "deferredLongTermAssetCharges": 77000000, "shortLongTermDebt": 932000000, "otherStockholderEquity": -11659000000, "propertyPlantEquipment": 12355000000, "totalCurrentAssets": 108666000000, "longTermInvestments": 975000000, "netTangibleAssets": -25629000000, "shortTermInvestments": 8192000000, "netReceivables": 11261000000, "longTermDebt": 55490000000, "inventory": 78823000000, "accountsPayable": 9261000000}, "2021-09-30": {"intangibleAssets": 2631000000, "capitalSurplus": 8796000000, "totalLiab": 161112000000, "totalStockholderEquity": -14440000000, "minorityInterest": 174000000, "otherCurrentLiab": 51329000000, "totalAssets": 146846000000, "commonStock": 5061000000, "otherCurrentAssets": 2664000000, "retainedEarnings": 38551000000, "otherLiab": 18299000000, "goodWill": 8070000000, "treasuryStock": -66848000000, "otherAssets": 5386000000, "cash": 9764000000, "totalCurrentLiabilities": 85771000000, "deferredLongTermAssetCharges": 74000000, "shortLongTermDebt": 5077000000, "otherStockholderEquity": -14818000000, "propertyPlantEquipment": 11113000000, "totalCurrentAssets": 116888000000, "longTermInvestments": 963000000, "netTangibleAssets": -25141000000, "shortTermInvestments": 10231000000, "netReceivables": 12256000000, "longTermDebt": 55636000000, "inventory": 81897000000, "accountsPayable": 10151000000}}}, "income": {"annual": {"2021-12-31": {"researchDevelopment": 2249000000, "effectOfAccountingCharges": null, "incomeBeforeTax": -5033000000, "minorityInterest": 153000000, "netIncome": -4202000000, "sellingGeneralAdministrative": 3628000000, "grossProfit": 5190000000, "ebit": -687000000, "operatingIncome": -687000000, "otherOperatingExpenses": null, "interestExpense": -2682000000, "extraordinaryItems": null, "nonRecurring": null, "otherItems": null, "incomeTaxExpense": -743000000, "totalRevenue": 62286000000, "totalOperatingExpenses": 62973000000, "costOfRevenue": 57096000000, "totalOtherIncomeExpenseNet": -4346000000, "discontinuedOperations": null, "netIncomeFromContinuingOps": -4290000000, "netIncomeApplicableToCommonShares": -4202000000}, "2020-12-31": {"researchDevelopment": 2476000000, "effectOfAccountingCharges": null, "incomeBeforeTax": -14476000000, "minorityInterest": 241000000, "netIncome": -11873000000, "sellingGeneralAdministrative": 4493000000, "grossProfit": -1198000000, "ebit": -8167000000, "operatingIncome": -8167000000, "otherOperatingExpenses": null, "interestExpense": -2156000000, "extraordinaryItems": null, "nonRecurring": null, "otherItems": null, "incomeTaxExpense": -2535000000, "totalRevenue": 58158000000, "totalOperatingExpenses": 66325000000, "costOfRevenue": 59356000000, "totalOtherIncomeExpenseNet": -6309000000, "discontinuedOperations": null, "netIncomeFromContinuingOps": -11941000000, "netIncomeApplicableToCommonShares": -11873000000}, "2019-12-31": {"researchDevelopment": 3219000000, "effectOfAccountingCharges": null, "incomeBeforeTax": -2259000000, "minorityInterest": 317000000, "netIncome": -636000000, "sellingGeneralAdministrative": 3642000000, "grossProfit": 4759000000, "ebit": -2102000000, "operatingIncome": -2102000000, "otherOperatingExpenses": null, "interestExpense": -722000000, "extraordinaryItems": null, "nonRecurring": null, "otherItems": null, "incomeTaxExpense": -1623000000, "totalRevenue": 76559000000, "totalOperatingExpenses": 78661000000, "costOfRevenue": 71800000000, "totalOtherIncomeExpenseNet": -157000000, "discontinuedOperations": null, "netIncomeFromContinuingOps": -636000000, "netIncomeApplicableToCommonShares": -636000000}, "2018-12-31": {"researchDevelopment": 3269000000, "effectOfAccountingCharges": null, "incomeBeforeTax": 11604000000, "minorityInterest": 71000000, "netIncome": 10460000000, "sellingGeneralAdministrative": 4525000000, "grossProfit": 19637000000, "ebit": 11843000000, "operatingIncome": 11843000000, "otherOperatingExpenses": null, "interestExpense": -475000000, "extraordinaryItems": null, "nonRecurring": null, "otherItems": null, "incomeTaxExpense": 1144000000, "totalRevenue": 101127000000, "totalOperatingExpenses": 89284000000, "costOfRevenue": 81490000000, "totalOtherIncomeExpenseNet": -239000000, "discontinuedOperations": null, "netIncomeFromContinuingOps": 10460000000, "netIncomeApplicableToCommonShares": 10460000000}}, "quarterly": {"2022-06-30": {"researchDevelopment": 698000000, "effectOfAccountingCharges": null, "incomeBeforeTax": 377000000, "minorityInterest": 97000000, "netIncome": 193000000, "sellingGeneralAdministrative": 433000000, "grossProfit": 2507000000, "ebit": 1376000000, "operatingIncome": 1376000000, "otherOperatingExpenses": null, "interestExpense": -650000000, "extraordinaryItems": null, "nonRecurring": null, "otherItems": null, "incomeTaxExpense": 217000000, "totalRevenue": 16681000000, "totalOperatingExpenses": 15305000000, "costOfRevenue": 14174000000, "totalOtherIncomeExpenseNet": -999000000, "discontinuedOperations": null, "netIncomeFromContinuingOps": 160000000, "netIncomeApplicableToCommonShares": 193000000}, "2022-03-31": {"researchDevelopment": 633000000, "effectOfAccountingCharges": null, "incomeBeforeTax": -1618000000, "minorityInterest": 130000000, "netIncome": -1219000000, "sellingGeneralAdministrative": 628000000, "grossProfit": 534000000, "ebit": -727000000, "operatingIncome": -727000000, "otherOperatingExpenses": null, "interestExpense": -630000000, "extraordinaryItems": null, "nonRecurring": null, "otherItems": null, "incomeTaxExpense": -376000000, "totalRevenue": 13991000000, "totalOperatingExpenses": 14718000000, "costOfRevenue": 13457000000, "totalOtherIncomeExpenseNet": -891000000, "discontinuedOperations": null, "netIncomeFromContinuingOps": -1242000000, "netIncomeApplicableToCommonShares": -1219000000}, "2021-12-31": {"researchDevelopment": 678000000, "effectOfAccountingCharges": null, "incomeBeforeTax": -4700000000, "minorityInterest": 153000000, "netIncome": -4143000000, "sellingGeneralAdministrative": 856000000, "grossProfit": -2025000000, "ebit": -3559000000, "operatingIncome": -3559000000, "otherOperatingExpenses": null, "interestExpense": -661000000, "extraordinaryItems": null, "nonRecurring": null, "otherItems": null, "incomeTaxExpense": -536000000, "totalRevenue": 14793000000, "totalOperatingExpenses": 18352000000, "costOfRevenue": 16818000000, "totalOtherIncomeExpenseNet": -1141000000, "discontinuedOperations": null, "netIncomeFromContinuingOps": -4164000000, "netIncomeApplicableToCommonShares": -4143000000}, "2021-09-30": {"researchDevelopment": 575000000, "effectOfAccountingCharges": null, "incomeBeforeTax": -310000000, "minorityInterest": 174000000, "netIncome": -109000000, "sellingGeneralAdministrative": 1062000000, "grossProfit": 2313000000, "ebit": 676000000, "operatingIncome": 676000000, "otherOperatingExpenses": null, "interestExpense": -669000000, "extraordinaryItems": null, "nonRecurring": null, "otherItems": null, "incomeTaxExpense": -178000000, "totalRevenue": 15278000000, "totalOperatingExpenses": 14602000000, "costOfRevenue": 12965000000, "totalOtherIncomeExpenseNet": -986000000, "discontinuedOperations": null, "netIncomeFromContinuingOps": -132000000, "netIncomeApplicableToCommonShares": -109000000}}}, "cash": {"annual": {"2021-12-31": {"investments": 9776000000, "changeToLiabilities": -1278000000, "totalCashflowsFromInvestingActivities": 9324000000, "netBorrowings": -5576000000, "totalCashFromFinancingActivities": -5600000000, "changeToOperatingActivities": -4006000000, "issuanceOfStock": 42000000, "netIncome": -4202000000, "changeInCash": 269000000, "repurchaseOfStock": -66000000, "effectOfExchangeRate": -39000000, "totalCashFromOperatingActivities": -3416000000, "depreciation": 2144000000, "otherCashflowsFromInvestingActivities": 5000000, "changeToInventory": -1127000000, "changeToAccountReceivables": -1299000000, "changeToNetincome": 5619000000, "capitalExpenditures": -980000000}, "2020-12-31": {"investments": -17341000000, "changeToLiabilities": -6423000000, "totalCashflowsFromInvestingActivities": -18366000000, "netBorrowings": 36250000000, "totalCashFromFinancingActivities": 34955000000, "changeToOperatingActivities": 838000000, "issuanceOfStock": 36000000, "netIncome": -11873000000, "changeInCash": -1736000000, "repurchaseOfStock": -173000000, "effectOfExchangeRate": 85000000, "totalCashFromOperatingActivities": -18410000000, "depreciation": 2246000000, "otherCashflowsFromInvestingActivities": -18000000, "dividendsPaid": -1158000000, "changeToInventory": -11002000000, "changeToAccountReceivables": 1828000000, "changeToNetincome": 8552000000, "capitalExpenditures": -1303000000}, "2019-12-31": {"investments": 101000000, "changeToLiabilities": 2337000000, "totalCashflowsFromInvestingActivities": -1530000000, "netBorrowings": 13218000000, "totalCashFromFinancingActivities": 5739000000, "changeToOperatingActivities": 6316000000, "issuanceOfStock": 58000000, "netIncome": -636000000, "changeInCash": 1758000000, "repurchaseOfStock": -2899000000, "effectOfExchangeRate": -5000000, "totalCashFromOperatingActivities": -2446000000, "depreciation": 2271000000, "otherCashflowsFromInvestingActivities": -13000000, "dividendsPaid": -4630000000, "changeToInventory": -12391000000, "changeToAccountReceivables": 1585000000, "otherCashflowsFromFinancingActivities": -8000000, "changeToNetincome": 548000000, "capitalExpenditures": -1834000000}, "2018-12-31": {"investments": 291000000, "changeToLiabilities": 2638000000, "totalCashflowsFromInvestingActivities": -4621000000, "netBorrowings": 1365000000, "totalCashFromFinancingActivities": -11722000000, "changeToOperatingActivities": 1879000000, "issuanceOfStock": 81000000, "netIncome": 10460000000, "changeInCash": -1074000000, "repurchaseOfStock": -9257000000, "effectOfExchangeRate": -53000000, "totalCashFromOperatingActivities": 15322000000, "depreciation": 2114000000, "otherCashflowsFromInvestingActivities": -11000000, "dividendsPaid": -3946000000, "changeToInventory": 568000000, "changeToAccountReceivables": -2621000000, "otherCashflowsFromFinancingActivities": 35000000, "changeToNetincome": 464000000, "capitalExpenditures": -1722000000}}, "quarterly": {"2022-06-30": {"investments": 3520000000, "changeToLiabilities": 379000000, "totalCashflowsFromInvestingActivities": 3266000000, "netBorrowings": -604000000, "totalCashFromFinancingActivities": -602000000, "changeToOperatingActivities": -585000000, "issuanceOfStock": 4000000, "netIncome": 193000000, "changeInCash": 2677000000, "repurchaseOfStock": -2000000, "effectOfExchangeRate": -68000000, "totalCashFromOperatingActivities": 81000000, "depreciation": 498000000, "otherCashflowsFromInvestingActivities": 1000000, "changeToInventory": -57000000, "changeToAccountReceivables": -989000000, "changeToNetincome": 477000000, "capitalExpenditures": -263000000}, "2022-03-31": {"investments": 3305000000, "changeToLiabilities": -891000000, "totalCashflowsFromInvestingActivities": 2965000000, "netBorrowings": -394000000, "totalCashFromFinancingActivities": -396000000, "changeToOperatingActivities": -670000000, "issuanceOfStock": 30000000, "netIncome": -1219000000, "changeInCash": -650000000, "repurchaseOfStock": -32000000, "effectOfExchangeRate": -3000000, "totalCashFromOperatingActivities": -3216000000, "depreciation": 486000000, "otherCashflowsFromInvestingActivities": 1000000, "changeToInventory": -1203000000, "changeToAccountReceivables": -119000000, "changeToNetincome": 803000000, "capitalExpenditures": -349000000}, "2021-12-31": {"investments": 2014000000, "changeToLiabilities": 1506000000, "totalCashflowsFromInvestingActivities": 1935000000, "netBorrowings": -4349000000, "totalCashFromFinancingActivities": -4362000000, "changeToOperatingActivities": -613000000, "issuanceOfStock": 6000000, "netIncome": -4143000000, "changeInCash": -1716000000, "repurchaseOfStock": -19000000, "effectOfExchangeRate": -5000000, "totalCashFromOperatingActivities": 716000000, "depreciation": 534000000, "otherCashflowsFromInvestingActivities": -1000000, "changeToInventory": -1635000000, "changeToAccountReceivables": 991000000, "changeToNetincome": 4354000000, "capitalExpenditures": -222000000}, "2021-09-30": {"investments": 2881000000, "changeToLiabilities": -1000000000, "totalCashflowsFromInvestingActivities": 2966000000, "netBorrowings": -1171000000, "totalCashFromFinancingActivities": -1171000000, "changeToOperatingActivities": -618000000, "issuanceOfStock": 7000000, "netIncome": -109000000, "changeInCash": 1513000000, "repurchaseOfStock": -7000000, "effectOfExchangeRate": -20000000, "totalCashFromOperatingActivities": -262000000, "depreciation": 523000000, "otherCashflowsFromInvestingActivities": 2000000, "changeToInventory": 95000000, "changeToAccountReceivables": -560000000, "changeToNetincome": 266000000, "capitalExpenditures": -245000000}}}}, "F": {"balance": {"annual": {"2021-12-31": {"capitalSurplus": 22611000000, "totalLiab": 208413000000, "totalStockholderEquity": 48519000000, "minorityInterest": 103000000, "otherCurrentLiab": 17049000000, "totalAssets": 257035000000, "commonStock": 41000000, "otherCurrentAssets": 2473000000, "retainedEarnings": 35769000000, "otherLiab": 26250000000, "treasuryStock": -9902000000, "otherAssets": 26879000000, "cash": 9577000000, "totalCurrentLiabilities": 90727000000, "deferredLongTermAssetCharges": 13606000000, "shortLongTermDebt": 2813000000, "otherStockholderEquity": -8339000000, "propertyPlantEquipment": 38109000000, "totalCurrentAssets": 108996000000, "longTermInvestments": 4422000000, "netTangibleAssets": 48519000000, "shortTermInvestments": 26880000000, "netReceivables": 3564000000, "longTermDebt": 16711000000, "inventory": 12065000000, "accountsPayable": 21315000000}, "2020-12-31": {"intangibleAssets": 144000000, "capitalSurplus": 22290000000, "totalLiab": 236450000000, "totalStockholderEquity": 30690000000, "minorityInterest": 121000000, "deferredLongTermLiab": 283000000, "otherCurrentLiab": 19823000000, "totalAssets": 267261000000, "commonStock": 41000000, "otherCurrentAssets": 3400000000, "retainedEarnings": 18243000000, "otherLiab": 27926000000, "goodWill": 258000000, "treasuryStock": -9884000000, "otherAssets": 21269000000, "cash": 10894000000, "totalCurrentLiabilities": 97192000000, "deferredLongTermAssetCharges": 12423000000, "shortLongTermDebt": 715000000, "otherStockholderEquity": -8294000000, "propertyPlantEquipment": 39674000000, "totalCurrentAssets": 116744000000, "longTermInvestments": 6601000000, "netTangibleAssets": 30288000000, "shortTermInvestments": 19858000000, "netReceivables": 9993000000, "longTermDebt": 22265000000, "inventory": 10808000000, "accountsPayable": 22204000000}, "2019-12-31": {"intangibleAssets": 188000000, "capitalSurplus": 22165000000, "totalLiab": 225307000000, "totalStockholderEquity": 33185000000, "minorityInterest": 45000000, "otherCurrentLiab": 19599000000, "totalAssets": 258537000000, "commonStock": 41000000, "otherCurrentAssets": 5471000000, "retainedEarnings": 20320000000, "otherLiab": 24767000000, "goodWill": 278000000, "treasuryStock": -9341000000, "otherAssets": 19348000000, "cash": 8437000000, "totalCurrentLiabilities": 98132000000, "deferredLongTermAssetCharges": 11863000000, "shortLongTermDebt": 1038000000, "otherStockholderEquity": -7728000000, "propertyPlantEquipment": 39496000000, "totalCurrentAssets": 114047000000, "longTermInvestments": 3719000000, "netTangibleAssets": 32719000000, "shortTermInvestments": 13851000000, "netReceivables": 9237000000, "longTermDebt": 13618000000, "inventory": 10786000000, "accountsPayable": 20673000000}, "2018-12-31": {"intangibleAssets": 178000000, "capitalSurplus": 22006000000, "totalLiab": 220474000000, "totalStockholderEquity": 35932000000, "minorityInterest": 134000000, "deferredLongTermLiab": 247000000, "otherCurrentLiab": 17270000000, "totalAssets": 256540000000, "commonStock": 41000000, "otherCurrentAssets": 3930000000, "retainedEarnings": 22668000000, "otherLiab": 24185000000, "goodWill": 264000000, "treasuryStock": -8783000000, "otherAssets": 17245000000, "cash": 7111000000, "totalCurrentLiabilities": 95569000000, "deferredLongTermAssetCharges": 10412000000, "shortLongTermDebt": 1700000000, "otherStockholderEquity": -7366000000, "propertyPlantEquipment": 37883000000, "totalCurrentAssets": 114649000000, "longTermInvestments": 2959000000, "netTangibleAssets": 35490000000, "shortTermInvestments": 15925000000, "netReceivables": 11195000000, "longTermDebt": 11833000000, "inventory": 11220000000, "accountsPayable": 21520000000}}, "quarterly": {"2022-06-30": {"capitalSurplus": 22653000000, "totalLiab": 201518000000, "totalStockholderEquity": 44169000000, "minorityInterest": 68000000, "otherCurrentLiab": 17215000000, "totalAssets": 245755000000, "commonStock": 42000000, "otherCurrentAssets": 3180000000, "retainedEarnings": 32511000000, "otherLiab": 26653000000, "treasuryStock": -11037000000, "otherAssets": 29044000000, "cash": 13218000000, "totalCurrentLiabilities": 86452000000, "deferredLongTermAssetCharges": 14829000000, "shortLongTermDebt": 431000000, "otherStockholderEquity": -9473000000, "propertyPlantEquipment": 37067000000, "totalCurrentAssets": 100469000000, "longTermInvestments": 4074000000, "netTangibleAssets": 44169000000, "shortTermInvestments": 14998000000, "netReceivables": 3953000000, "longTermDebt": 17833000000, "inventory": 13976000000, "accountsPayable": 22242000000}, "2022-03-31": {"capitalSurplus": 22550000000, "totalLiab": 207902000000, "totalStockholderEquity": 44985000000, "minorityInterest": 99000000, "otherCurrentLiab": 17565000000, "totalAssets": 252986000000, "commonStock": 42000000, "otherCurrentAssets": 3730000000, "retainedEarnings": 32251000000, "otherLiab": 28294000000, "treasuryStock": -9858000000, "otherAssets": 28764000000, "cash": 10434000000, "totalCurrentLiabilities": 90352000000, "deferredLongTermAssetCharges": 14784000000, "shortLongTermDebt": 2652000000, "otherStockholderEquity": -8294000000, "propertyPlantEquipment": 37583000000, "totalCurrentAssets": 106142000000, "longTermInvestments": 4177000000, "netTangibleAssets": 44985000000, "shortTermInvestments": 18179000000, "netReceivables": 3559000000, "longTermDebt": 17158000000, "inventory": 14647000000, "accountsPayable": 22251000000}, "2021-12-31": {"capitalSurplus": 22611000000, "totalLiab": 208413000000, "totalStockholderEquity": 48519000000, "minorityInterest": 103000000, "otherCurrentLiab": 17049000000, "totalAssets": 257035000000, "commonStock": 41000000, "otherCurrentAssets": 2473000000, "retainedEarnings": 35769000000, "otherLiab": 26250000000, "treasuryStock": -9902000000, "otherAssets": 26879000000, "cash": 9577000000, "totalCurrentLiabilities": 90727000000, "deferredLongTermAssetCharges": 13606000000, "shortLongTermDebt": 2813000000, "otherStockholderEquity": -8339000000, "propertyPlantEquipment": 38109000000, "totalCurrentAssets": 108996000000, "longTermInvestments": 4422000000, "netTangibleAssets": 48519000000, "shortTermInvestments": 26880000000, "netReceivables": 3564000000, "longTermDebt": 16711000000, "inventory": 12065000000, "accountsPayable": 21315000000}, "2021-09-30": {"capitalSurplus": 22477000000, "totalLiab": 215973000000, "totalStockholderEquity": 36593000000, "minorityInterest": 111000000, "otherCurrentLiab": 17208000000, "totalAssets": 252677000000, "commonStock": 41000000, "otherCurrentAssets": 2470000000, "retainedEarnings": 23894000000, "otherLiab": 27483000000, "treasuryStock": -9819000000, "otherAssets": 24951000000, "cash": 14466000000, "totalCurrentLiabilities": 89033000000, "deferredLongTermAssetCharges": 11891000000, "shortLongTermDebt": 1517000000, "otherStockholderEquity": -8245000000, "propertyPlantEquipment": 37658000000, "totalCurrentAssets": 106968000000, "longTermInvestments": 4628000000, "netTangibleAssets": 36593000000, "shortTermInvestments": 16951000000, "netReceivables": 4040000000, "longTermDebt": 23767000000, "inventory": 13508000000, "accountsPayable": 21851000000}}}, "income": {"annual": {"2021-12-31": {"researchDevelopment": null, "effectOfAccountingCharges": null, "incomeBeforeTax": 17780000000, "minorityInterest": 103000000, "netIncome": 17937000000, "sellingGeneralAdministrative": 5918000000, "grossProfit": 16507000000, "ebit": 10589000000, "operatingIncome": 10589000000, "otherOperatingExpenses": null, "interestExpense": -1803000000, "extraordinaryItems": null, "nonRecurring": null, "otherItems": null, "incomeTaxExpense": -130000000, "totalRevenue": 136341000000, "totalOperatingExpenses": 125752000000, "costOfRevenue": 119834000000, "totalOtherIncomeExpenseNet": 7191000000, "discontinuedOperations": null, "netIncomeFromContinuingOps": 17910000000, "netIncomeApplicableToCommonShares": 17937000000}, "2020-12-31": {"researchDevelopment": null, "effectOfAccountingCharges": null, "incomeBeforeTax": -1116000000, "minorityInterest": 121000000, "netIncome": -1279000000, "sellingGeneralAdministrative": 10124000000, "grossProfit": 6123000000, "ebit": -4001000000, "operatingIncome": -4001000000, "otherOperatingExpenses": null, "interestExpense": -1651000000, "extraordinaryItems": null, "nonRecurring": null, "otherItems": null, "incomeTaxExpense": 160000000, "totalRevenue": 127144000000, "totalOperatingExpenses": 131145000000, "costOfRevenue": 121021000000, "totalOtherIncomeExpenseNet": 2885000000, "discontinuedOperations": null, "netIncomeFromContinuingOps": -1276000000, "netIncomeApplicableToCommonShares": -1279000000}, "2019-12-31": {"researchDevelopment": null, "effectOfAccountingCharges": null, "incomeBeforeTax": -640000000, "minorityInterest": 45000000, "netIncome": 47000000, "sellingGeneralAdministrative": 12763000000, "grossProfit": 12876000000, "ebit": 113000000, "operatingIncome": 113000000, "otherOperatingExpenses": null, "interestExpense": -1049000000, "extraordinaryItems": null, "nonRecurring": null, "otherItems": null, "incomeTaxExpense": -724000000, "totalRevenue": 155900000000, "totalOperatingExpenses": 155787000000, "costOfRevenue": 143024000000, "totalOtherIncomeExpenseNet": -753000000, "discontinuedOperations": null, "netIncomeFromContinuingOps": 84000000, "netIncomeApplicableToCommonShares": 47000000}, "2018-12-31": {"researchDevelopment": null, "effectOfAccountingCharges": null, "incomeBeforeTax": 4345000000, "minorityInterest": 134000000, "netIncome": 3677000000, "sellingGeneralAdministrative": 9781000000, "grossProfit": 14835000000, "ebit": 5054000000, "operatingIncome": 5054000000, "otherOperatingExpenses": null, "interestExpense": -1228000000, "extraordinaryItems": null, "nonRecurring": null, "otherItems": null, "incomeTaxExpense": 650000000, "totalRevenue": 160338000000, "totalOperatingExpenses": 155284000000, "costOfRevenue": 145503000000, "totalOtherIncomeExpenseNet": -709000000, "discontinuedOperations": null, "netIncomeFromContinuingOps": 3695000000, "netIncomeApplicableToCommonShares": 3677000000}}, "quarterly": {"2022-06-30": {"researchDevelopment": null, "effectOfAccountingCharges": null, "incomeBeforeTax": 791000000, "minorityInterest": 68000000, "netIncome": 667000000, "sellingGeneralAdministrative": 2345000000, "grossProfit": 5631000000, "ebit": 3286000000, "operatingIncome": 3286000000, "otherOperatingExpenses": null, "interestExpense": -312000000, "extraordinaryItems": null, "nonRecurring": null, "otherItems": null, "incomeTaxExpense": 153000000, "totalRevenue": 40190000000, "totalOperatingExpenses": 36904000000, "costOfRevenue": 34559000000, "totalOtherIncomeExpenseNet": -2495000000, "discontinuedOperations": null, "netIncomeFromContinuingOps": 638000000, "netIncomeApplicableToCommonShares": 667000000}, "2022-03-31": {"researchDevelopment": null, "effectOfAccountingCharges": null, "incomeBeforeTax": -3848000000, "minorityInterest": 99000000, "netIncome": -3110000000, "sellingGeneralAdministrative": 2281000000, "grossProfit": 4089000000, "ebit": 1808000000, "operatingIncome": 1808000000, "otherOperatingExpenses": null, "interestExpense": -308000000, "extraordinaryItems": null, "nonRecurring": null, "otherItems": null, "incomeTaxExpense": -729000000, "totalRevenue": 34476000000, "totalOperatingExpenses": 32668000000, "costOfRevenue": 30387000000, "totalOtherIncomeExpenseNet": -5656000000, "discontinuedOperations": null, "netIncomeFromContinuingOps": -3119000000, "netIncomeApplicableToCommonShares": -3110000000}, "2021-12-31": {"researchDevelopment": null, "effectOfAccountingCharges": null, "incomeBeforeTax": 11218000000, "minorityInterest": 103000000, "netIncome": 12282000000, "sellingGeneralAdministrative": -2749000000, "grossProfit": 4140000000, "ebit": 6889000000, "operatingIncome": 6889000000, "otherOperatingExpenses": null, "interestExpense": -438000000, "extraordinaryItems": null, "nonRecurring": null, "otherItems": null, "incomeTaxExpense": -1055000000, "totalRevenue": 37678000000, "totalOperatingExpenses": 30789000000, "costOfRevenue": 33538000000, "totalOtherIncomeExpenseNet": 4329000000, "discontinuedOperations": null, "netIncomeFromContinuingOps": 12273000000, "netIncomeApplicableToCommonShares": 12282000000}, "2021-09-30": {"researchDevelopment": null, "effectOfAccountingCharges": null, "incomeBeforeTax": 1885000000, "minorityInterest": 111000000, "netIncome": 1832000000, "sellingGeneralAdministrative": 2947000000, "grossProfit": 4269000000, "ebit": 1322000000, "operatingIncome": 1322000000, "otherOperatingExpenses": null, "interestExpense": -439000000, "extraordinaryItems": null, "nonRecurring": null, "otherItems": null, "incomeTaxExpense": 63000000, "totalRevenue": 35683000000, "totalOperatingExpenses": 34361000000, "costOfRevenue": 31414000000, "totalOtherIncomeExpenseNet": 563000000, "discontinuedOperations": null, "netIncomeFromContinuingOps": 1822000000, "netIncomeApplicableToCommonShares": 1832000000}}}, "cash": {"annual": {"2021-12-31": {"investments": 5738000000, "changeToLiabilities": -36000000, "totalCashflowsFromInvestingActivities": 2745000000, "netBorrowings": -22990000000, "totalCashFromFinancingActivities": -23498000000, "changeToOperatingActivities": 7656000000, "netIncome": 17937000000, "changeInCash": -5198000000, "effectOfExchangeRate": -232000000, "totalCashFromOperatingActivities": 15787000000, "depreciation": 5638000000, "otherCashflowsFromInvestingActivities": -626000000, "dividendsPaid": -403000000, "changeToInventory": -1778000000, "changeToAccountReceivables": -1141000000, "otherCashflowsFromFinancingActivities": -105000000, "changeToNetincome": -12489000000, "capitalExpenditures": -6227000000}, "2020-12-31": {"investments": -7229000000, "changeToLiabilities": 6809000000, "totalCashflowsFromInvestingActivities": -18615000000, "netBorrowings": 3095000000, "totalCashFromFinancingActivities": 2315000000, "changeToOperatingActivities": 12104000000, "netIncome": -1279000000, "changeInCash": 8194000000, "effectOfExchangeRate": 225000000, "totalCashFromOperatingActivities": 24269000000, "depreciation": 7312000000, "otherCashflowsFromInvestingActivities": 171000000, "dividendsPaid": -596000000, "changeToInventory": 148000000, "changeToAccountReceivables": -63000000, "otherCashflowsFromFinancingActivities": -184000000, "changeToNetincome": -762000000, "capitalExpenditures": -5742000000}, "2019-12-31": {"investments": -543000000, "changeToLiabilities": 5260000000, "totalCashflowsFromInvestingActivities": -13721000000, "netBorrowings": -277000000, "totalCashFromFinancingActivities": -3129000000, "changeToOperatingActivities": 1554000000, "netIncome": 47000000, "changeInCash": 834000000, "repurchaseOfStock": -237000000, "effectOfExchangeRate": 45000000, "totalCashFromOperatingActivities": 17639000000, "depreciation": 8490000000, "otherCashflowsFromInvestingActivities": -152000000, "dividendsPaid": -2389000000, "changeToInventory": 206000000, "changeToAccountReceivables": -816000000, "otherCashflowsFromFinancingActivities": -226000000, "changeToNetincome": 2898000000, "capitalExpenditures": -7632000000}, "2018-12-31": {"investments": 3387000000, "changeToLiabilities": 6781000000, "totalCashflowsFromInvestingActivities": -16261000000, "netBorrowings": 3139000000, "totalCashFromFinancingActivities": -122000000, "changeToOperatingActivities": -2408000000, "netIncome": 3677000000, "changeInCash": -1731000000, "repurchaseOfStock": -164000000, "effectOfExchangeRate": -370000000, "totalCashFromOperatingActivities": 15022000000, "depreciation": 8413000000, "otherCashflowsFromInvestingActivities": 181000000, "dividendsPaid": -2705000000, "changeToInventory": -828000000, "changeToAccountReceivables": -2239000000, "otherCashflowsFromFinancingActivities": -192000000, "changeToNetincome": 1626000000, "capitalExpenditures": -7785000000}}, "quarterly": {"2022-06-30": {"investments": 396000000, "changeToLiabilities": 1466000000, "totalCashflowsFromInvestingActivities": 827000000, "netBorrowings": -4134000000, "totalCashFromFinancingActivities": -4579000000, "changeToOperatingActivities": -2301000000, "netIncome": 667000000, "changeInCash": -1149000000, "effectOfExchangeRate": -344000000, "totalCashFromOperatingActivities": 2947000000, "depreciation": 1619000000, "otherCashflowsFromInvestingActivities": 450000000, "dividendsPaid": -402000000, "changeToInventory": 248000000, "changeToAccountReceivables": -900000000, "otherCashflowsFromFinancingActivities": -43000000, "changeToNetincome": 2148000000, "capitalExpenditures": -1699000000}, "2022-03-31": {"investments": 2796000000, "changeToLiabilities": 1714000000, "totalCashflowsFromInvestingActivities": 3315000000, "netBorrowings": -1100000000, "totalCashFromFinancingActivities": -1661000000, "changeToOperatingActivities": -2192000000, "netIncome": -3110000000, "changeInCash": 546000000, "effectOfExchangeRate": -24000000, "totalCashFromOperatingActivities": -1084000000, "depreciation": 1547000000, "otherCashflowsFromInvestingActivities": 179000000, "dividendsPaid": -405000000, "changeToInventory": -2755000000, "changeToAccountReceivables": -956000000, "otherCashflowsFromFinancingActivities": -156000000, "changeToNetincome": 4668000000, "capitalExpenditures": -1370000000}, "2021-12-31": {"investments": 542000000, "changeToLiabilities": 475000000, "totalCashflowsFromInvestingActivities": -2263000000, "netBorrowings": -7736000000, "totalCashFromFinancingActivities": -8078000000, "changeToOperatingActivities": -852000000, "netIncome": 12282000000, "changeInCash": -6887000000, "effectOfExchangeRate": -77000000, "totalCashFromOperatingActivities": 3531000000, "depreciation": 1194000000, "otherCashflowsFromInvestingActivities": -1000000, "dividendsPaid": -400000000, "changeToInventory": 1351000000, "changeToAccountReceivables": 188000000, "otherCashflowsFromFinancingActivities": 58000000, "changeToNetincome": -11107000000, "capitalExpenditures": -1772000000}, "2021-09-30": {"investments": -1064000000, "changeToLiabilities": 5927000000, "totalCashflowsFromInvestingActivities": -1170000000, "netBorrowings": -1149000000, "totalCashFromFinancingActivities": -1222000000, "changeToOperatingActivities": -1957000000, "netIncome": 1832000000, "changeInCash": 4462000000, "effectOfExchangeRate": -154000000, "totalCashFromOperatingActivities": 7008000000, "depreciation": 1520000000, "otherCashflowsFromInvestingActivities": -457000000, "dividendsPaid": -400000000, "changeToInventory": -200000000, "changeToAccountReceivables": -424000000, "otherCashflowsFromFinancingActivities": -73000000, "changeToNetincome": 310000000, "capitalExpenditures": -1574000000}}}}, "GD": {"balance": {"annual": {"2021-12-31": {"intangibleAssets": 1978000000, "capitalSurplus": 3278000000, "totalLiab": 32432000000, "totalStockholderEquity": 17641000000, "otherCurrentLiab": 7889000000, "totalAssets": 50073000000, "commonStock": 482000000, "otherCurrentAssets": 1505000000, "retainedEarnings": 35420000000, "otherLiab": 6621000000, "goodWill": 20098000000, "treasuryStock": -21539000000, "otherAssets": 1017000000, "cash": 1603000000, "totalCurrentLiabilities": 13978000000, "deferredLongTermAssetCharges": 41000000, "shortLongTermDebt": 1005000000, "otherStockholderEquity": -1920000000, "propertyPlantEquipment": 6993000000, "totalCurrentAssets": 19987000000, "netTangibleAssets": -4435000000, "netReceivables": 11539000000, "longTermDebt": 10490000000, "inventory": 5340000000, "accountsPayable": 3167000000}, "2020-12-31": {"intangibleAssets": 2117000000, "capitalSurplus": 3124000000, "totalLiab": 35647000000, "totalStockholderEquity": 15661000000, "otherCurrentLiab": 8028000000, "totalAssets": 51308000000, "commonStock": 482000000, "otherCurrentAssets": 1789000000, "retainedEarnings": 33498000000, "otherLiab": 8284000000, "goodWill": 20053000000, "treasuryStock": -21443000000, "otherAssets": 834000000, "cash": 2824000000, "totalCurrentLiabilities": 15964000000, "deferredLongTermAssetCharges": 37000000, "shortLongTermDebt": 3003000000, "otherStockholderEquity": -3550000000, "propertyPlantEquipment": 6761000000, "totalCurrentAssets": 21543000000, "netTangibleAssets": -6509000000, "netReceivables": 11185000000, "longTermDebt": 9995000000, "inventory": 5745000000, "accountsPayable": 2952000000}, "2019-12-31": {"intangibleAssets": 2315000000, "capitalSurplus": 3039000000, "totalLiab": 35371000000, "totalStockholderEquity": 13978000000, "otherCurrentLiab": 8857000000, "totalAssets": 49349000000, "commonStock": 482000000, "otherCurrentAssets": 1679000000, "retainedEarnings": 31633000000, "otherLiab": 8022000000, "goodWill": 19677000000, "treasuryStock": -21176000000, "otherAssets": 771000000, "cash": 902000000, "totalCurrentLiabilities": 16801000000, "deferredLongTermAssetCharges": 33000000, "shortLongTermDebt": 2920000000, "otherStockholderEquity": -3818000000, "propertyPlantEquipment": 6298000000, "totalCurrentAssets": 20288000000, "netTangibleAssets": -8014000000, "netReceivables": 11401000000, "longTermDebt": 9010000000, "inventory": 6306000000, "accountsPayable": 3162000000}, "2018-12-31": {"intangibleAssets": 2585000000, "capitalSurplus": 2946000000, "totalLiab": 33676000000, "totalStockholderEquity": 11732000000, "otherCurrentLiab": 9119000000, "totalAssets": 45408000000, "commonStock": 482000000, "otherCurrentAssets": 914000000, "retainedEarnings": 29326000000, "otherLiab": 7493000000, "goodWill": 19594000000, "treasuryStock": -21022000000, "otherAssets": 1062000000, "cash": 963000000, "totalCurrentLiabilities": 14739000000, "deferredLongTermAssetCharges": 38000000, "shortLongTermDebt": 123000000, "otherStockholderEquity": -3778000000, "propertyPlantEquipment": 3978000000, "totalCurrentAssets": 18189000000, "netTangibleAssets": -10447000000, "netReceivables": 10335000000, "longTermDebt": 11444000000, "inventory": 5977000000, "accountsPayable": 3179000000}}, "quarterly": {"2022-07-03": {"intangibleAssets": 1867000000, "capitalSurplus": 3466000000, "totalLiab": 33100000000, "totalStockholderEquity": 17381000000, "otherCurrentLiab": 7988000000, "totalAssets": 50481000000, "commonStock": 482000000, "otherCurrentAssets": 1166000000, "retainedEarnings": 36218000000, "otherLiab": 7259000000, "goodWill": 20002000000, "treasuryStock": -22785000000, "otherAssets": 2554000000, "cash": 2223000000, "totalCurrentLiabilities": 14736000000, "deferredLongTermAssetCharges": 42000000, "shortLongTermDebt": 1754000000, "otherStockholderEquity": -2153000000, "propertyPlantEquipment": 5479000000, "totalCurrentAssets": 20579000000, "netTangibleAssets": -4488000000, "netReceivables": 11032000000, "longTermDebt": 9741000000, "inventory": 6158000000, "accountsPayable": 3138000000}, "2022-04-03": {"intangibleAssets": 1926000000, "capitalSurplus": 3434000000, "totalLiab": 32862000000, "totalStockholderEquity": 18014000000, "otherCurrentLiab": 8090000000, "totalAssets": 50876000000, "commonStock": 482000000, "otherCurrentAssets": 1436000000, "retainedEarnings": 35800000000, "otherLiab": 6989000000, "goodWill": 20114000000, "treasuryStock": -21702000000, "otherAssets": 2592000000, "cash": 2907000000, "totalCurrentLiabilities": 14036000000, "deferredLongTermAssetCharges": 41000000, "shortLongTermDebt": 1005000000, "otherStockholderEquity": -1865000000, "propertyPlantEquipment": 5450000000, "totalCurrentAssets": 20794000000, "netTangibleAssets": -4026000000, "netReceivables": 10903000000, "longTermDebt": 10491000000, "inventory": 5548000000, "accountsPayable": 3190000000}, "2021-12-31": {"intangibleAssets": 1978000000, "capitalSurplus": 3278000000, "totalLiab": 32432000000, "totalStockholderEquity": 17641000000, "otherCurrentLiab": 7889000000, "totalAssets": 50073000000, "commonStock": 482000000, "otherCurrentAssets": 1505000000, "retainedEarnings": 35420000000, "otherLiab": 6621000000, "goodWill": 20098000000, "treasuryStock": -21539000000, "otherAssets": 1017000000, "cash": 1603000000, "totalCurrentLiabilities": 13978000000, "deferredLongTermAssetCharges": 41000000, "shortLongTermDebt": 1005000000, "otherStockholderEquity": -1920000000, "propertyPlantEquipment": 6993000000, "totalCurrentAssets": 19987000000, "netTangibleAssets": -4435000000, "netReceivables": 11539000000, "longTermDebt": 10490000000, "inventory": 5340000000, "accountsPayable": 3167000000}, "2021-10-03": {"intangibleAssets": 2022000000, "capitalSurplus": 3236000000, "totalLiab": 35649000000, "totalStockholderEquity": 15721000000, "otherCurrentLiab": 7794000000, "totalAssets": 51370000000, "commonStock": 482000000, "otherCurrentAssets": 1516000000, "retainedEarnings": 34800000000, "otherLiab": 8249000000, "goodWill": 20092000000, "treasuryStock": -22797000000, "otherAssets": 2375000000, "cash": 3139000000, "totalCurrentLiabilities": 14604000000, "deferredLongTermAssetCharges": 39000000, "shortLongTermDebt": 183000000, "otherStockholderEquity": -3521000000, "propertyPlantEquipment": 5195000000, "totalCurrentAssets": 21686000000, "netTangibleAssets": -6393000000, "netReceivables": 11380000000, "longTermDebt": 11485000000, "inventory": 5651000000, "accountsPayable": 2682000000}}}, "income": {"annual": {"2021-12-31": {"researchDevelopment": null, "effectOfAccountingCharges": null, "incomeBeforeTax": 3873000000, "minorityInterest": null, "netIncome": 3257000000, "sellingGeneralAdministrative": 2027000000, "grossProfit": 6408000000, "ebit": 4381000000, "operatingIncome": 4381000000, "otherOperatingExpenses": null, "interestExpense": -431000000, "extraordinaryItems": null, "nonRecurring": null, "otherItems": null, "incomeTaxExpense": 616000000, "totalRevenue": 38469000000, "totalOperatingExpenses": 34088000000, "costOfRevenue": 32061000000, "totalOtherIncomeExpenseNet": -508000000, "discontinuedOperations": null, "netIncomeFromContinuingOps": 3257000000, "netIncomeApplicableToCommonShares": 3257000000}, "2020-12-31": {"researchDevelopment": null, "effectOfAccountingCharges": null, "incomeBeforeTax": 3738000000, "minorityInterest": null, "netIncome": 3167000000, "sellingGeneralAdministrative": 2113000000, "grossProfit": 6325000000, "ebit": 4212000000, "operatingIncome": 4212000000, "otherOperatingExpenses": null, "interestExpense": -489000000, "extraordinaryItems": null, "nonRecurring": null, "otherItems": null, "incomeTaxExpense": 571000000, "totalRevenue": 37925000000, "totalOperatingExpenses": 33713000000, "costOfRevenue": 31600000000, "totalOtherIncomeExpenseNet": -474000000, "discontinuedOperations": null, "netIncomeFromContinuingOps": 3167000000, "netIncomeApplicableToCommonShares": 3167000000}, "2019-12-31": {"researchDevelopment": null, "effectOfAccountingCharges": null, "incomeBeforeTax": 4202000000, "minorityInterest": null, "netIncome": 3484000000, "sellingGeneralAdministrative": 2430000000, "grossProfit": 6987000000, "ebit": 4557000000, "operatingIncome": 4557000000, "otherOperatingExpenses": null, "interestExpense": -472000000, "extraordinaryItems": null, "nonRecurring": null, "otherItems": null, "incomeTaxExpense": 718000000, "totalRevenue": 39350000000, "totalOperatingExpenses": 34793000000, "costOfRevenue": 32363000000, "totalOtherIncomeExpenseNet": -355000000, "discontinuedOperations": null, "netIncomeFromContinuingOps": 3484000000, "netIncomeApplicableToCommonShares": 3484000000}, "2018-12-31": {"researchDevelopment": null, "effectOfAccountingCharges": null, "incomeBeforeTax": 4085000000, "minorityInterest": null, "netIncome": 3345000000, "sellingGeneralAdministrative": 2253000000, "grossProfit": 6657000000, "ebit": 4404000000, "operatingIncome": 4404000000, "otherOperatingExpenses": null, "interestExpense": -374000000, "extraordinaryItems": null, "nonRecurring": null, "otherItems": null, "incomeTaxExpense": 727000000, "totalRevenue": 36193000000, "totalOperatingExpenses": 31789000000, "costOfRevenue": 29536000000, "totalOtherIncomeExpenseNet": -319000000, "discontinuedOperations": -13000000, "netIncomeFromContinuingOps": 3358000000, "netIncomeApplicableToCommonShares": 3345000000}}, "quarterly": {"2022-07-03": {"researchDevelopment": null, "effectOfAccountingCharges": null, "incomeBeforeTax": 923000000, "minorityInterest": null, "netIncome": 766000000, "sellingGeneralAdministrative": 528000000, "grossProfit": 1592000000, "ebit": 1064000000, "operatingIncome": 1064000000, "otherOperatingExpenses": null, "interestExpense": -95000000, "extraordinaryItems": null, "nonRecurring": null, "otherItems": null, "incomeTaxExpense": 157000000, "totalRevenue": 9189000000, "totalOperatingExpenses": 8125000000, "costOfRevenue": 7597000000, "totalOtherIncomeExpenseNet": -141000000, "discontinuedOperations": null, "netIncomeFromContinuingOps": 766000000, "netIncomeApplicableToCommonShares": 766000000}, "2022-04-03": {"researchDevelopment": null, "effectOfAccountingCharges": null, "incomeBeforeTax": 849000000, "minorityInterest": null, "netIncome": 730000000, "sellingGeneralAdministrative": 540000000, "grossProfit": 1534000000, "ebit": 994000000, "operatingIncome": 994000000, "otherOperatingExpenses": null, "interestExpense": -98000000, "extraordinaryItems": null, "nonRecurring": null, "otherItems": null, "incomeTaxExpense": 119000000, "totalRevenue": 9392000000, "totalOperatingExpenses": 8398000000, "costOfRevenue": 7858000000, "totalOtherIncomeExpenseNet": -145000000, "discontinuedOperations": null, "netIncomeFromContinuingOps": 730000000, "netIncomeApplicableToCommonShares": 730000000}, "2021-12-31": {"researchDevelopment": null, "effectOfAccountingCharges": null, "incomeBeforeTax": 1132000000, "minorityInterest": null, "netIncome": 952000000, "sellingGeneralAdministrative": 569000000, "grossProfit": 1766000000, "ebit": 1197000000, "operatingIncome": 1197000000, "otherOperatingExpenses": null, "interestExpense": -100000000, "extraordinaryItems": null, "nonRecurring": null, "otherItems": null, "incomeTaxExpense": 180000000, "totalRevenue": 10292000000, "totalOperatingExpenses": 9095000000, "costOfRevenue": 8526000000, "totalOtherIncomeExpenseNet": -65000000, "discontinuedOperations": null, "netIncomeFromContinuingOps": 952000000, "netIncomeApplicableToCommonShares": 952000000}, "2021-10-03": {"researchDevelopment": null, "effectOfAccountingCharges": null, "incomeBeforeTax": 1015000000, "minorityInterest": null, "netIncome": 860000000, "sellingGeneralAdministrative": 481000000, "grossProfit": 1630000000, "ebit": 1149000000, "operatingIncome": 1149000000, "otherOperatingExpenses": null, "interestExpense": -99000000, "extraordinaryItems": null, "nonRecurring": null, "otherItems": null, "incomeTaxExpense": 155000000, "totalRevenue": 9568000000, "totalOperatingExpenses": 8419000000, "costOfRevenue": 7938000000, "totalOtherIncomeExpenseNet": -134000000, "discontinuedOperations": null, "netIncomeFromContinuingOps": 860000000, "netIncomeApplicableToCommonShares": 860000000}}}, "cash": {"annual": {"2021-12-31": {"changeToLiabilities": 194000000, "totalCashflowsFromInvestingActivities": -882000000, "netBorrowings": -1497000000, "totalCashFromFinancingActivities": -4590000000, "changeToOperatingActivities": 354000000, "netIncome": 3257000000, "changeInCash": -1221000000, "repurchaseOfStock": -1828000000, "totalCashFromOperatingActivities": 4251000000, "depreciation": 890000000, "otherCashflowsFromInvestingActivities": 5000000, "dividendsPaid": -1315000000, "changeToInventory": 405000000, "changeToAccountReceivables": -272000000, "otherCashflowsFromFinancingActivities": 50000000, "changeToNetincome": -577000000, "capitalExpenditures": -887000000}, "2020-12-31": {"changeToLiabilities": -215000000, "totalCashflowsFromInvestingActivities": -974000000, "netBorrowings": 1019000000, "totalCashFromFinancingActivities": -903000000, "changeToOperatingActivities": -707000000, "netIncome": 3167000000, "changeInCash": 1922000000, "repurchaseOfStock": -587000000, "totalCashFromOperatingActivities": 3799000000, "depreciation": 878000000, "otherCashflowsFromInvestingActivities": -7000000, "dividendsPaid": -1240000000, "changeToInventory": 502000000, "changeToAccountReceivables": 255000000, "otherCashflowsFromFinancingActivities": -95000000, "changeToNetincome": -81000000, "capitalExpenditures": -967000000}, "2019-12-31": {"changeToLiabilities": 6000000, "totalCashflowsFromInvestingActivities": -994000000, "netBorrowings": -559000000, "totalCashFromFinancingActivities": -1997000000, "changeToOperatingActivities": -105000000, "netIncome": 3484000000, "changeInCash": -61000000, "repurchaseOfStock": -231000000, "totalCashFromOperatingActivities": 2930000000, "depreciation": 829000000, "otherCashflowsFromInvestingActivities": -7000000, "dividendsPaid": -1152000000, "changeToInventory": -376000000, "changeToAccountReceivables": -1127000000, "otherCashflowsFromFinancingActivities": -55000000, "changeToNetincome": 219000000, "capitalExpenditures": -987000000}, "2018-12-31": {"changeToLiabilities": -197000000, "totalCashflowsFromInvestingActivities": -10234000000, "netBorrowings": 7983000000, "totalCashFromFinancingActivities": 5086000000, "changeToOperatingActivities": 346000000, "netIncome": 3345000000, "changeInCash": -2020000000, "repurchaseOfStock": -1769000000, "totalCashFromOperatingActivities": 3128000000, "depreciation": 763000000, "otherCashflowsFromInvestingActivities": -7000000, "dividendsPaid": -1075000000, "changeToInventory": -591000000, "changeToAccountReceivables": -383000000, "otherCashflowsFromFinancingActivities": -53000000, "changeToNetincome": -155000000, "capitalExpenditures": -690000000}}, "quarterly": {"2022-07-03": {"netIncome": 766000000, "changeToLiabilities": 0}, "2022-04-03": {"changeToLiabilities": 23000000, "totalCashflowsFromInvestingActivities": -147000000, "totalCashFromFinancingActivities": -517000000, "changeToOperatingActivities": 675000000, "netIncome": 730000000, "changeInCash": 1304000000, "repurchaseOfStock": -294000000, "totalCashFromOperatingActivities": 1968000000, "depreciation": 213000000, "otherCashflowsFromInvestingActivities": -6000000, "dividendsPaid": -330000000, "changeToInventory": -234000000, "changeToAccountReceivables": 643000000, "otherCashflowsFromFinancingActivities": 107000000, "changeToNetincome": -82000000, "capitalExpenditures": -141000000}, "2021-12-31": {"changeToLiabilities": 485000000, "totalCashflowsFromInvestingActivities": -381000000, "netBorrowings": -1991000000, "totalCashFromFinancingActivities": -2833000000, "changeToOperatingActivities": 783000000, "netIncome": 952000000, "changeInCash": -1536000000, "repurchaseOfStock": -337000000, "totalCashFromOperatingActivities": 1678000000, "depreciation": 240000000, "otherCashflowsFromInvestingActivities": 4000000, "dividendsPaid": -332000000, "changeToInventory": 311000000, "changeToAccountReceivables": -153000000, "otherCashflowsFromFinancingActivities": -173000000, "changeToNetincome": -940000000, "capitalExpenditures": -385000000}, "2021-10-03": {"changeToLiabilities": 73000000, "totalCashflowsFromInvestingActivities": -193000000, "netBorrowings": -500000000, "totalCashFromFinancingActivities": -1086000000, "changeToOperatingActivities": -203000000, "netIncome": 860000000, "changeInCash": 189000000, "repurchaseOfStock": -139000000, "totalCashFromOperatingActivities": 1468000000, "depreciation": 211000000, "otherCashflowsFromInvestingActivities": 3000000, "dividendsPaid": -332000000, "changeToInventory": 152000000, "changeToAccountReceivables": -159000000, "otherCashflowsFromFinancingActivities": -115000000, "changeToNetincome": 534000000, "capitalExpenditures": -196000000}}}}, "GM": {"balance": {"annual": {"2021-12-31": {"intangibleAssets": 3748000000, "capitalSurplus": 27061000000, "totalLiab": 178903000000, "totalStockholderEquity": 59744000000, "minorityInterest": 6071000000, "otherCurrentLiab": 6230000000, "totalAssets": 244718000000, "commonStock": 15000000, "otherCurrentAssets": 4105000000, "retainedEarnings": 41937000000, "otherLiab": 27824000000, "treasuryStock": -9269000000, "otherAssets": 30245000000, "cash": 16067000000, "totalCurrentLiabilities": 74408000000, "deferredLongTermAssetCharges": 21152000000, "otherStockholderEquity": -9269000000, "propertyPlantEquipment": 42215000000, "totalCurrentAssets": 82103000000, "longTermInvestments": 7960000000, "netTangibleAssets": 54657000000, "shortTermInvestments": 8609000000, "netReceivables": 7394000000, "longTermDebt": 16006000000, "inventory": 12988000000, "accountsPayable": 20391000000}, "2020-12-31": {"intangibleAssets": 3887000000, "capitalSurplus": 26542000000, "totalLiab": 185517000000, "totalStockholderEquity": 45030000000, "minorityInterest": 4647000000, "otherCurrentLiab": 6180000000, "totalAssets": 235194000000, "commonStock": 14000000, "otherCurrentAssets": 5217000000, "retainedEarnings": 31962000000, "otherLiab": 31657000000, "treasuryStock": -13488000000, "otherAssets": 28997000000, "cash": 14892000000, "totalCurrentLiabilities": 79910000000, "deferredLongTermAssetCharges": 24136000000, "otherStockholderEquity": -13488000000, "propertyPlantEquipment": 38632000000, "totalCurrentAssets": 80924000000, "longTermInvestments": 6825000000, "netTangibleAssets": 39800000000, "shortTermInvestments": 9046000000, "netReceivables": 8035000000, "longTermDebt": 15956000000, "inventory": 10235000000, "accountsPayable": 19928000000}, "2019-12-31": {"intangibleAssets": 3982000000, "capitalSurplus": 26074000000, "totalLiab": 182080000000, "totalStockholderEquity": 41792000000, "minorityInterest": 4165000000, "otherCurrentLiab": 6221000000, "totalAssets": 228037000000, "commonStock": 14000000, "otherCurrentAssets": 5751000000, "retainedEarnings": 26860000000, "otherLiab": 30241000000, "treasuryStock": -11156000000, "otherAssets": 30105000000, "cash": 15769000000, "totalCurrentLiabilities": 84905000000, "deferredLongTermAssetCharges": 24640000000, "otherStockholderEquity": -11156000000, "propertyPlantEquipment": 39850000000, "totalCurrentAssets": 74992000000, "longTermInvestments": 7107000000, "netTangibleAssets": 36455000000, "shortTermInvestments": 4174000000, "netReceivables": 6797000000, "longTermDebt": 12179000000, "inventory": 10398000000, "accountsPayable": 21018000000}, "2018-12-31": {"intangibleAssets": 4223000000, "capitalSurplus": 25563000000, "totalLiab": 184562000000, "totalStockholderEquity": 38860000000, "minorityInterest": 3917000000, "otherCurrentLiab": 6292000000, "totalAssets": 227339000000, "commonStock": 14000000, "otherCurrentAssets": 2857000000, "retainedEarnings": 22322000000, "otherLiab": 29265000000, "treasuryStock": -9039000000, "otherAssets": 28092000000, "cash": 15944000000, "totalCurrentLiabilities": 82237000000, "deferredLongTermAssetCharges": 24082000000, "otherStockholderEquity": -9039000000, "propertyPlantEquipment": 38758000000, "totalCurrentAssets": 75293000000, "longTermInvestments": 8744000000, "netTangibleAssets": 33281000000, "shortTermInvestments": 6501000000, "netReceivables": 6549000000, "longTermDebt": 12500000000, "inventory": 9816000000, "accountsPayable": 22297000000}}, "quarterly": {"2022-06-30": {"intangibleAssets": 3672000000, "capitalSurplus": 27261000000, "totalLiab": 185142000000, "totalStockholderEquity": 63954000000, "minorityInterest": 4421000000, "otherCurrentLiab": -1000000, "totalAssets": 253517000000, "commonStock": 15000000, "otherCurrentAssets": 4196000000, "retainedEarnings": 45554000000, "otherLiab": 25944000000, "treasuryStock": -8876000000, "otherAssets": 30237000000, "cash": 11410000000, "totalCurrentLiabilities": 79398000000, "deferredLongTermAssetCharges": 21038000000, "otherStockholderEquity": -8876000000, "propertyPlantEquipment": 41943000000, "totalCurrentAssets": 91094000000, "longTermInvestments": 7973000000, "netTangibleAssets": 58941000000, "shortTermInvestments": 10124000000, "netReceivables": 12417000000, "longTermDebt": 17538000000, "inventory": 16859000000, "accountsPayable": 25890000000}, "2022-03-31": {"intangibleAssets": 3712000000, "capitalSurplus": 27015000000, "totalLiab": 184429000000, "totalStockholderEquity": 62095000000, "minorityInterest": 4968000000, "otherCurrentLiab": 1000000, "totalAssets": 251492000000, "commonStock": 15000000, "otherCurrentAssets": 4568000000, "retainedEarnings": 43879000000, "otherLiab": 26960000000, "treasuryStock": -8814000000, "otherAssets": 31061000000, "cash": 11849000000, "totalCurrentLiabilities": 79555000000, "deferredLongTermAssetCharges": 21287000000, "otherStockholderEquity": -8814000000, "propertyPlantEquipment": 41708000000, "totalCurrentAssets": 88594000000, "longTermInvestments": 8623000000, "netTangibleAssets": 57037000000, "shortTermInvestments": 9907000000, "netReceivables": 11946000000, "longTermDebt": 16977000000, "inventory": 14838000000, "accountsPayable": 25240000000}, "2021-12-31": {"intangibleAssets": 3748000000, "capitalSurplus": 27061000000, "totalLiab": 178903000000, "totalStockholderEquity": 59744000000, "minorityInterest": 6071000000, "otherCurrentLiab": 6230000000, "totalAssets": 244718000000, "commonStock": 15000000, "otherCurrentAssets": 4105000000, "retainedEarnings": 41937000000, "otherLiab": 27824000000, "treasuryStock": -9269000000, "otherAssets": 30245000000, "cash": 16067000000, "totalCurrentLiabilities": 74408000000, "deferredLongTermAssetCharges": 21152000000, "otherStockholderEquity": -9269000000, "propertyPlantEquipment": 42215000000, "totalCurrentAssets": 82103000000, "longTermInvestments": 7960000000, "netTangibleAssets": 54657000000, "shortTermInvestments": 8609000000, "netReceivables": 7394000000, "longTermDebt": 16006000000, "inventory": 12988000000, "accountsPayable": 20391000000}, "2021-09-30": {"intangibleAssets": 3786000000, "capitalSurplus": 26926000000, "totalLiab": 178236000000, "totalStockholderEquity": 54150000000, "minorityInterest": 6171000000, "otherCurrentLiab": 6037000000, "totalAssets": 238557000000, "commonStock": 15000000, "otherCurrentAssets": 3949000000, "retainedEarnings": 40212000000, "otherLiab": 31176000000, "treasuryStock": -13003000000, "otherAssets": 30488000000, "cash": 12465000000, "totalCurrentLiabilities": 71951000000, "deferredLongTermAssetCharges": 22245000000, "otherStockholderEquity": -13003000000, "propertyPlantEquipment": 39637000000, "totalCurrentAssets": 77791000000, "longTermInvestments": 7585000000, "netTangibleAssets": 49024000000, "shortTermInvestments": 6575000000, "netReceivables": 8091000000, "longTermDebt": 16058000000, "inventory": 14534000000, "accountsPayable": 18648000000}}}, "income": {"annual": {"2021-12-31": {"researchDevelopment": null, "effectOfAccountingCharges": null, "incomeBeforeTax": 12716000000, "minorityInterest": 6071000000, "netIncome": 10019000000, "sellingGeneralAdministrative": 6645000000, "grossProfit": 18079000000, "ebit": 11434000000, "operatingIncome": 11434000000, "otherOperatingExpenses": null, "interestExpense": -950000000, "extraordinaryItems": null, "nonRecurring": null, "otherItems": null, "incomeTaxExpense": 2771000000, "totalRevenue": 127004000000, "totalOperatingExpenses": 115570000000, "costOfRevenue": 108925000000, "totalOtherIncomeExpenseNet": 1282000000, "discontinuedOperations": null, "netIncomeFromContinuingOps": 9945000000, "netIncomeApplicableToCommonShares": 9837000000}, "2020-12-31": {"researchDevelopment": null, "effectOfAccountingCharges": null, "incomeBeforeTax": 8095000000, "minorityInterest": 4647000000, "netIncome": 6427000000, "sellingGeneralAdministrative": 5943000000, "grossProfit": 14502000000, "ebit": 8559000000, "operatingIncome": 8559000000, "otherOperatingExpenses": null, "interestExpense": -1098000000, "extraordinaryItems": null, "nonRecurring": null, "otherItems": null, "incomeTaxExpense": 1774000000, "totalRevenue": 122485000000, "totalOperatingExpenses": 113926000000, "costOfRevenue": 107983000000, "totalOtherIncomeExpenseNet": -464000000, "discontinuedOperations": null, "netIncomeFromContinuingOps": 6321000000, "netIncomeApplicableToCommonShares": 6247000000}, "2019-12-31": {"researchDevelopment": null, "effectOfAccountingCharges": null, "incomeBeforeTax": 7436000000, "minorityInterest": 4165000000, "netIncome": 6732000000, "sellingGeneralAdministrative": 7694000000, "grossProfit": 14138000000, "ebit": 6444000000, "operatingIncome": 6444000000, "otherOperatingExpenses": null, "interestExpense": -782000000, "extraordinaryItems": null, "nonRecurring": null, "otherItems": null, "incomeTaxExpense": 769000000, "totalRevenue": 137237000000, "totalOperatingExpenses": 130793000000, "costOfRevenue": 123099000000, "totalOtherIncomeExpenseNet": 992000000, "discontinuedOperations": null, "netIncomeFromContinuingOps": 6667000000, "netIncomeApplicableToCommonShares": 6581000000}, "2018-12-31": {"researchDevelopment": null, "effectOfAccountingCharges": null, "incomeBeforeTax": 8549000000, "minorityInterest": 3917000000, "netIncome": 8014000000, "sellingGeneralAdministrative": 7985000000, "grossProfit": 14278000000, "ebit": 6293000000, "operatingIncome": 6293000000, "otherOperatingExpenses": null, "interestExpense": -655000000, "extraordinaryItems": null, "nonRecurring": null, "otherItems": null, "incomeTaxExpense": 474000000, "totalRevenue": 147049000000, "totalOperatingExpenses": 140756000000, "costOfRevenue": 132771000000, "totalOtherIncomeExpenseNet": 2256000000, "discontinuedOperations": -70000000, "netIncomeFromContinuingOps": 8075000000, "netIncomeApplicableToCommonShares": 7916000000}}, "quarterly": {"2022-06-30": {"researchDevelopment": null, "effectOfAccountingCharges": null, "incomeBeforeTax": 2132000000, "minorityInterest": 4421000000, "netIncome": 1692000000, "sellingGeneralAdministrative": 1917000000, "grossProfit": 4459000000, "ebit": 2542000000, "operatingIncome": 2542000000, "otherOperatingExpenses": null, "interestExpense": -234000000, "extraordinaryItems": null, "nonRecurring": null, "otherItems": null, "incomeTaxExpense": 490000000, "totalRevenue": 35759000000, "totalOperatingExpenses": 33217000000, "costOfRevenue": 31300000000, "totalOtherIncomeExpenseNet": -410000000, "discontinuedOperations": null, "netIncomeFromContinuingOps": 1642000000, "netIncomeApplicableToCommonShares": 1666000000}, "2022-03-31": {"researchDevelopment": null, "effectOfAccountingCharges": null, "incomeBeforeTax": 2780000000, "minorityInterest": 4968000000, "netIncome": 2939000000, "sellingGeneralAdministrative": 1828000000, "grossProfit": 4700000000, "ebit": 3726000000, "operatingIncome": 3726000000, "otherOperatingExpenses": null, "interestExpense": -226000000, "extraordinaryItems": null, "nonRecurring": null, "otherItems": null, "incomeTaxExpense": -28000000, "totalRevenue": 35979000000, "totalOperatingExpenses": 32253000000, "costOfRevenue": 31279000000, "totalOtherIncomeExpenseNet": 154000000, "discontinuedOperations": null, "netIncomeFromContinuingOps": 2808000000, "netIncomeApplicableToCommonShares": 1987000000}, "2021-12-31": {"researchDevelopment": null, "effectOfAccountingCharges": null, "incomeBeforeTax": 2237000000, "minorityInterest": 6071000000, "netIncome": 1741000000, "sellingGeneralAdministrative": 2151000000, "grossProfit": 4042000000, "ebit": 1891000000, "operatingIncome": 1891000000, "otherOperatingExpenses": null, "interestExpense": -227000000, "extraordinaryItems": null, "nonRecurring": null, "otherItems": null, "incomeTaxExpense": 471000000, "totalRevenue": 33584000000, "totalOperatingExpenses": 31693000000, "costOfRevenue": 29542000000, "totalOtherIncomeExpenseNet": 346000000, "discontinuedOperations": null, "netIncomeFromContinuingOps": 1766000000, "netIncomeApplicableToCommonShares": 1696000000}, "2021-09-30": {"researchDevelopment": null, "effectOfAccountingCharges": null, "incomeBeforeTax": 2538000000, "minorityInterest": 6171000000, "netIncome": 2420000000, "sellingGeneralAdministrative": 1664000000, "grossProfit": 3846000000, "ebit": 2182000000, "operatingIncome": 2182000000, "otherOperatingExpenses": null, "interestExpense": -230000000, "extraordinaryItems": null, "nonRecurring": null, "otherItems": null, "incomeTaxExpense": 152000000, "totalRevenue": 26779000000, "totalOperatingExpenses": 24597000000, "costOfRevenue": 22933000000, "totalOtherIncomeExpenseNet": 356000000, "discontinuedOperations": null, "netIncomeFromContinuingOps": 2386000000, "netIncomeApplicableToCommonShares": 2375000000}}}, "cash": {"annual": {"2021-12-31": {"investments": 385000000, "changeToLiabilities": -1166000000, "totalCashflowsFromInvestingActivities": -16355000000, "netBorrowings": 406000000, "totalCashFromFinancingActivities": 1744000000, "changeToOperatingActivities": 557000000, "netIncome": 10019000000, "changeInCash": 425000000, "effectOfExchangeRate": -152000000, "totalCashFromOperatingActivities": 15188000000, "depreciation": 5460000000, "otherCashflowsFromInvestingActivities": -635000000, "changeToInventory": -3155000000, "changeToAccountReceivables": 493000000, "otherCashflowsFromFinancingActivities": 1338000000, "changeToNetincome": -3512000000, "capitalExpenditures": -22111000000}, "2020-12-31": {"investments": -4263000000, "changeToLiabilities": 42000000, "totalCashflowsFromInvestingActivities": -21826000000, "netBorrowings": 6141000000, "totalCashFromFinancingActivities": 5552000000, "changeToOperatingActivities": 874000000, "netIncome": 6427000000, "changeInCash": 174000000, "effectOfExchangeRate": -222000000, "totalCashFromOperatingActivities": 16670000000, "depreciation": 5094000000, "otherCashflowsFromInvestingActivities": -65000000, "dividendsPaid": -669000000, "changeToInventory": -104000000, "changeToAccountReceivables": -1341000000, "otherCashflowsFromFinancingActivities": 80000000, "changeToNetincome": -2034000000, "capitalExpenditures": -20533000000}, "2019-12-31": {"investments": 2190000000, "changeToLiabilities": -492000000, "totalCashflowsFromInvestingActivities": -10899000000, "netBorrowings": -2531000000, "totalCashFromFinancingActivities": -4677000000, "changeToOperatingActivities": -2186000000, "netIncome": 6732000000, "changeInCash": -553000000, "effectOfExchangeRate": 2000000, "totalCashFromOperatingActivities": 15021000000, "depreciation": 6327000000, "otherCashflowsFromInvestingActivities": 138000000, "dividendsPaid": -2350000000, "changeToInventory": -761000000, "changeToAccountReceivables": -563000000, "otherCashflowsFromFinancingActivities": 204000000, "changeToNetincome": -1982000000, "capitalExpenditures": -23996000000}, "2018-12-31": {"investments": 2288000000, "changeToLiabilities": -537000000, "totalCashflowsFromInvestingActivities": -20763000000, "netBorrowings": 11664000000, "totalCashFromFinancingActivities": 11454000000, "changeToOperatingActivities": -1655000000, "netIncome": 8014000000, "changeInCash": 5648000000, "effectOfExchangeRate": -299000000, "totalCashFromOperatingActivities": 15256000000, "depreciation": 5175000000, "otherCashflowsFromInvestingActivities": 205000000, "dividendsPaid": -2242000000, "changeToInventory": 399000000, "changeToAccountReceivables": 492000000, "otherCashflowsFromFinancingActivities": 2032000000, "changeToNetincome": -4524000000, "capitalExpenditures": -25497000000}}, "quarterly": {"2022-06-30": {"investments": -276000000, "changeToLiabilities": 0, "totalCashflowsFromInvestingActivities": -4318000000, "netBorrowings": 1767000000, "totalCashFromFinancingActivities": 1090000000, "changeToOperatingActivities": -1135000000, "netIncome": 1692000000, "changeInCash": -263000000, "effectOfExchangeRate": -159000000, "totalCashFromOperatingActivities": 3124000000, "depreciation": 2841000000, "otherCashflowsFromInvestingActivities": -253000000, "dividendsPaid": -8000000, "otherCashflowsFromFinancingActivities": -669000000, "changeToNetincome": -278000000, "capitalExpenditures": -5381000000}, "2022-03-31": {"investments": -1491000000, "changeToLiabilities": 0, "totalCashflowsFromInvestingActivities": -3909000000, "netBorrowings": 580000000, "totalCashFromFinancingActivities": -1852000000, "changeToOperatingActivities": -2784000000, "netIncome": 2939000000, "changeInCash": -3564000000, "effectOfExchangeRate": 93000000, "totalCashFromOperatingActivities": 2104000000, "depreciation": 468000000, "otherCashflowsFromInvestingActivities": -155000000, "dividendsPaid": -73000000, "otherCashflowsFromFinancingActivities": -2359000000, "changeToNetincome": -942000000, "capitalExpenditures": -4651000000}, "2021-12-31": {"investments": -2067000000, "changeToLiabilities": -1166000000, "totalCashflowsFromInvestingActivities": -5416000000, "netBorrowings": 626000000, "totalCashFromFinancingActivities": 532000000, "changeToOperatingActivities": 9240000000, "netIncome": 1741000000, "changeInCash": 1891000000, "effectOfExchangeRate": -34000000, "totalCashFromOperatingActivities": 6809000000, "depreciation": 1107000000, "otherCashflowsFromInvestingActivities": 40000000, "dividendsPaid": -73000000, "changeToInventory": -3155000000, "changeToAccountReceivables": 493000000, "otherCashflowsFromFinancingActivities": -94000000, "changeToNetincome": -3143000000, "capitalExpenditures": -1103000000}, "2021-09-30": {"investments": -384000000, "changeToLiabilities": 0, "totalCashflowsFromInvestingActivities": -3929000000, "netBorrowings": -1505000000, "totalCashFromFinancingActivities": -1625000000, "changeToOperatingActivities": -4709000000, "netIncome": 2420000000, "changeInCash": -5714000000, "effectOfExchangeRate": -111000000, "totalCashFromOperatingActivities": -49000000, "depreciation": 1542000000, "otherCashflowsFromInvestingActivities": -390000000, "dividendsPaid": -76000000, "changeToInventory": -3155000000, "changeToAccountReceivables": 493000000, "otherCashflowsFromFinancingActivities": -44000000, "changeToNetincome": -902000000, "capitalExpenditures": -6118000000}}}}, "TDG": {"balance": {"annual": {"2021-09-30": {"intangibleAssets": 2791000000, "capitalSurplus": 1830000000, "totalLiab": 22225000000, "totalStockholderEquity": -2916000000, "minorityInterest": 6000000, "otherCurrentLiab": 318000000, "totalAssets": 19315000000, "commonStock": 1000000, "retainedEarnings": -3705000000, "otherLiab": 931000000, "goodWill": 8568000000, "treasuryStock": -1042000000, "otherAssets": 54000000, "cash": 4787000000, "totalCurrentLiabilities": 1663000000, "shortLongTermDebt": 375000000, "otherStockholderEquity": -248000000, "propertyPlantEquipment": 864000000, "totalCurrentAssets": 7030000000, "longTermInvestments": 8000000, "netTangibleAssets": -14275000000, "netReceivables": 861000000, "longTermDebt": 19454000000, "inventory": 1185000000, "accountsPayable": 227000000}, "2020-09-30": {"intangibleAssets": 2610000000, "capitalSurplus": 1581000000, "totalLiab": 22363000000, "totalStockholderEquity": -3972000000, "minorityInterest": 4000000, "otherCurrentLiab": 329000000, "totalAssets": 18395000000, "commonStock": 1000000, "retainedEarnings": -4359000000, "otherLiab": 948000000, "goodWill": 7889000000, "treasuryStock": -1195000000, "otherAssets": 81000000, "cash": 4717000000, "totalCurrentLiabilities": 1616000000, "deferredLongTermAssetCharges": 17000000, "shortLongTermDebt": 330000000, "otherStockholderEquity": -401000000, "propertyPlantEquipment": 855000000, "totalCurrentAssets": 6960000000, "netTangibleAssets": -14471000000, "netReceivables": 756000000, "longTermDebt": 19657000000, "inventory": 1283000000, "accountsPayable": 218000000}, "2019-09-30": {"intangibleAssets": 2744000000, "capitalSurplus": 1379000000, "totalLiab": 19139000000, "totalStockholderEquity": -2894000000, "minorityInterest": 10000000, "otherCurrentLiab": 363000000, "totalAssets": 16255000000, "commonStock": 1000000, "otherCurrentAssets": 962000000, "retainedEarnings": -3120000000, "otherLiab": 930000000, "goodWill": 7820000000, "treasuryStock": -1154000000, "otherAssets": 68000000, "cash": 1467000000, "totalCurrentLiabilities": 1538000000, "shortLongTermDebt": 93000000, "otherStockholderEquity": -379000000, "propertyPlantEquipment": 757000000, "totalCurrentAssets": 4865000000, "longTermInvestments": 1000000, "netTangibleAssets": -13458000000, "netReceivables": 1112000000, "longTermDebt": 16621000000, "inventory": 1233000000, "accountsPayable": 276000000}, "2018-09-30": {"intangibleAssets": 1788404000, "capitalSurplus": 1208742000, "totalLiab": 14005938000, "totalStockholderEquity": -1808471000, "otherCurrentLiab": 66106000, "totalAssets": 12197467000, "commonStock": 569000, "retainedEarnings": -2246578000, "otherLiab": 603468000, "goodWill": 6223290000, "treasuryStock": -771204000, "otherAssets": 42867000, "cash": 2073017000, "totalCurrentLiabilities": 900382000, "shortLongTermDebt": 76345000, "otherStockholderEquity": 4100000, "propertyPlantEquipment": 388333000, "totalCurrentAssets": 3657287000, "longTermInvestments": 97286000, "netTangibleAssets": -9820165000, "netReceivables": 714366000, "longTermDebt": 12502088000, "inventory": 805292000, "accountsPayable": 173603000}}, "quarterly": {"2022-07-02": {"intangibleAssets": 2771000000, "capitalSurplus": 2041000000, "totalLiab": 21787000000, "totalStockholderEquity": -2976000000, "minorityInterest": 8000000, "otherCurrentLiab": 50000000, "totalAssets": 18819000000, "commonStock": 1000000, "retainedEarnings": -3114000000, "otherLiab": 986000000, "goodWill": 8728000000, "treasuryStock": -1904000000, "otherAssets": 52000000, "cash": 3808000000, "totalCurrentLiabilities": 1344000000, "shortLongTermDebt": 75000000, "otherStockholderEquity": -198000000, "propertyPlantEquipment": 903000000, "totalCurrentAssets": 6308000000, "longTermInvestments": 57000000, "netTangibleAssets": -14475000000, "netReceivables": 990000000, "longTermDebt": 19238000000, "inventory": 1320000000, "accountsPayable": 248000000}, "2022-04-02": {"intangibleAssets": 2709000000, "capitalSurplus": 1984000000, "totalLiab": 21734000000, "totalStockholderEquity": -2899000000, "minorityInterest": 6000000, "otherCurrentLiab": 39000000, "totalAssets": 18841000000, "commonStock": 1000000, "retainedEarnings": -3350000000, "otherLiab": 965000000, "goodWill": 8544000000, "treasuryStock": -1534000000, "otherAssets": 57000000, "cash": 4216000000, "totalCurrentLiabilities": 1301000000, "shortLongTermDebt": 120000000, "otherStockholderEquity": -73000000, "propertyPlantEquipment": 898000000, "totalCurrentAssets": 6564000000, "longTermInvestments": 69000000, "netTangibleAssets": -14152000000, "netReceivables": 890000000, "longTermDebt": 19250000000, "inventory": 1242000000, "accountsPayable": 238000000}, "2022-01-01": {"intangibleAssets": 2752000000, "capitalSurplus": 1905000000, "totalLiab": 21868000000, "totalStockholderEquity": -2633000000, "minorityInterest": 7000000, "otherCurrentLiab": 42000000, "totalAssets": 19242000000, "commonStock": 1000000, "retainedEarnings": -3545000000, "otherLiab": 925000000, "goodWill": 8568000000, "treasuryStock": -994000000, "otherAssets": 57000000, "cash": 4813000000, "totalCurrentLiabilities": 1378000000, "shortLongTermDebt": 180000000, "otherStockholderEquity": -200000000, "propertyPlantEquipment": 883000000, "totalCurrentAssets": 6971000000, "longTermInvestments": 11000000, "netTangibleAssets": -13953000000, "netReceivables": 751000000, "longTermDebt": 19365000000, "inventory": 1215000000, "accountsPayable": 212000000}, "2021-09-30": {"intangibleAssets": 2791000000, "capitalSurplus": 1830000000, "totalLiab": 22225000000, "totalStockholderEquity": -2916000000, "minorityInterest": 6000000, "otherCurrentLiab": 318000000, "totalAssets": 19315000000, "commonStock": 1000000, "retainedEarnings": -3705000000, "otherLiab": 931000000, "goodWill": 8568000000, "treasuryStock": -1042000000, "otherAssets": 54000000, "cash": 4787000000, "totalCurrentLiabilities": 1663000000, "shortLongTermDebt": 375000000, "otherStockholderEquity": -248000000, "propertyPlantEquipment": 864000000, "totalCurrentAssets": 7030000000, "longTermInvestments": 8000000, "netTangibleAssets": -14275000000, "netReceivables": 861000000, "longTermDebt": 19454000000, "inventory": 1185000000, "accountsPayable": 227000000}}}, "income": {"annual": {"2021-09-30": {"researchDevelopment": null, "effectOfAccountingCharges": null, "incomeBeforeTax": 715000000, "minorityInterest": 6000000, "netIncome": 680000000, "sellingGeneralAdministrative": 636000000, "grossProfit": 2549000000, "ebit": 1776000000, "operatingIncome": 1776000000, "otherOperatingExpenses": null, "interestExpense": -1059000000, "extraordinaryItems": null, "nonRecurring": null, "otherItems": null, "incomeTaxExpense": 34000000, "totalRevenue": 4798000000, "totalOperatingExpenses": 3022000000, "costOfRevenue": 2249000000, "totalOtherIncomeExpenseNet": -1061000000, "discontinuedOperations": null, "netIncomeFromContinuingOps": 681000000, "netIncomeApplicableToCommonShares": 607000000}, "2020-09-30": {"researchDevelopment": null, "effectOfAccountingCharges": null, "incomeBeforeTax": 740000000, "minorityInterest": 4000000, "netIncome": 699000000, "sellingGeneralAdministrative": 685000000, "grossProfit": 2694000000, "ebit": 1840000000, "operatingIncome": 1840000000, "otherOperatingExpenses": null, "interestExpense": -1029000000, "extraordinaryItems": null, "nonRecurring": null, "otherItems": null, "incomeTaxExpense": 87000000, "totalRevenue": 5103000000, "totalOperatingExpenses": 3263000000, "costOfRevenue": 2409000000, "totalOtherIncomeExpenseNet": -1100000000, "discontinuedOperations": 47000000, "netIncomeFromContinuingOps": 653000000, "netIncomeApplicableToCommonShares": 514000000}, "2019-09-30": {"researchDevelopment": null, "effectOfAccountingCharges": null, "incomeBeforeTax": 1063000000, "minorityInterest": 10000000, "netIncome": 890000000, "sellingGeneralAdministrative": 744000000, "grossProfit": 2809000000, "ebit": 1930000000, "operatingIncome": 1930000000, "otherOperatingExpenses": null, "interestExpense": -859000000, "extraordinaryItems": null, "nonRecurring": null, "otherItems": null, "incomeTaxExpense": 222000000, "totalRevenue": 5223000000, "totalOperatingExpenses": 3293000000, "costOfRevenue": 2414000000, "totalOtherIncomeExpenseNet": -867000000, "discontinuedOperations": 51000000, "netIncomeFromContinuingOps": 841000000, "netIncomeApplicableToCommonShares": 779000000}, "2018-09-30": {"researchDevelopment": null, "effectOfAccountingCharges": null, "incomeBeforeTax": 986000000, "minorityInterest": 10000000, "netIncome": 957000000, "sellingGeneralAdministrative": 450000000, "grossProfit": 2184000000, "ebit": 1662000000, "operatingIncome": 1662000000, "otherOperatingExpenses": null, "interestExpense": -663000000, "extraordinaryItems": null, "nonRecurring": null, "otherItems": null, "incomeTaxExpense": 24000000, "totalRevenue": 3811000000, "totalOperatingExpenses": 2149000000, "costOfRevenue": 1627000000, "totalOtherIncomeExpenseNet": -676000000, "discontinuedOperations": -5000000, "netIncomeFromContinuingOps": 962000000, "netIncomeApplicableToCommonShares": 901000000}}, "quarterly": {"2022-07-02": {"researchDevelopment": null, "effectOfAccountingCharges": null, "incomeBeforeTax": 312000000, "minorityInterest": 8000000, "netIncome": 238000000, "sellingGeneralAdministrative": 200000000, "grossProfit": 818000000, "ebit": 585000000, "operatingIncome": 585000000, "otherOperatingExpenses": null, "interestExpense": -269000000, "extraordinaryItems": null, "nonRecurring": null, "otherItems": null, "incomeTaxExpense": 73000000, "totalRevenue": 1398000000, "totalOperatingExpenses": 813000000, "costOfRevenue": 580000000, "totalOtherIncomeExpenseNet": -273000000, "discontinuedOperations": null, "netIncomeFromContinuingOps": 239000000, "netIncomeApplicableToCommonShares": 238000000}, "2022-04-02": {"researchDevelopment": null, "effectOfAccountingCharges": null, "incomeBeforeTax": 260000000, "minorityInterest": 6000000, "netIncome": 199000000, "sellingGeneralAdministrative": 181000000, "grossProfit": 737000000, "ebit": 523000000, "operatingIncome": 523000000, "otherOperatingExpenses": null, "interestExpense": -266000000, "extraordinaryItems": null, "nonRecurring": null, "otherItems": null, "incomeTaxExpense": 61000000, "totalRevenue": 1327000000, "totalOperatingExpenses": 804000000, "costOfRevenue": 590000000, "totalOtherIncomeExpenseNet": -263000000, "discontinuedOperations": null, "netIncomeFromContinuingOps": 199000000, "netIncomeApplicableToCommonShares": 199000000}, "2022-01-01": {"researchDevelopment": null, "effectOfAccountingCharges": null, "incomeBeforeTax": 193000000, "minorityInterest": 7000000, "netIncome": 163000000, "sellingGeneralAdministrative": 165000000, "grossProfit": 661000000, "ebit": 460000000, "operatingIncome": 460000000, "otherOperatingExpenses": null, "interestExpense": -264000000, "extraordinaryItems": null, "nonRecurring": null, "otherItems": null, "incomeTaxExpense": 30000000, "totalRevenue": 1194000000, "totalOperatingExpenses": 734000000, "costOfRevenue": 533000000, "totalOtherIncomeExpenseNet": -267000000, "discontinuedOperations": 1000000, "netIncomeFromContinuingOps": 163000000, "netIncomeApplicableToCommonShares": 117000000}, "2021-09-30": {"researchDevelopment": null, "effectOfAccountingCharges": null, "incomeBeforeTax": 287000000, "minorityInterest": 6000000, "netIncome": 209000000, "sellingGeneralAdministrative": 140000000, "grossProfit": 726000000, "ebit": 550000000, "operatingIncome": 550000000, "otherOperatingExpenses": null, "interestExpense": -261000000, "extraordinaryItems": null, "nonRecurring": null, "otherItems": null, "incomeTaxExpense": 79000000, "totalRevenue": 1279000000, "totalOperatingExpenses": 729000000, "costOfRevenue": 553000000, "totalOtherIncomeExpenseNet": -263000000, "discontinuedOperations": 1000000, "netIncomeFromContinuingOps": 208000000, "netIncomeApplicableToCommonShares": 209000000}}}, "cash": {"annual": {"2021-09-30": {"changeToLiabilities": 3000000, "totalCashflowsFromInvestingActivities": -785000000, "netBorrowings": -125000000, "totalCashFromFinancingActivities": -70000000, "changeToOperatingActivities": -65000000, "issuanceOfStock": 128000000, "netIncome": 680000000, "changeInCash": 70000000, "effectOfExchangeRate": 12000000, "totalCashFromOperatingActivities": 913000000, "depreciation": 253000000, "otherCashflowsFromInvestingActivities": 24000000, "changeToInventory": 79000000, "changeToAccountReceivables": -78000000, "otherCashflowsFromFinancingActivities": -73000000, "changeToNetincome": 70000000, "capitalExpenditures": -105000000}, "2020-09-30": {"changeToLiabilities": -62000000, "totalCashflowsFromInvestingActivities": 799000000, "netBorrowings": 3072000000, "totalCashFromFinancingActivities": 1230000000, "changeToOperatingActivities": 29000000, "issuanceOfStock": 116000000, "netIncome": 699000000, "changeInCash": 3250000000, "repurchaseOfStock": -19000000, "effectOfExchangeRate": 8000000, "totalCashFromOperatingActivities": 1213000000, "depreciation": 283000000, "otherCashflowsFromInvestingActivities": 24000000, "changeToInventory": -62000000, "changeToAccountReceivables": 352000000, "otherCashflowsFromFinancingActivities": -196000000, "changeToNetincome": 85000000, "capitalExpenditures": -105000000}, "2019-09-30": {"changeToLiabilities": -1000000, "totalCashflowsFromInvestingActivities": -3889000000, "netBorrowings": 3902000000, "totalCashFromFinancingActivities": 2271000000, "changeToOperatingActivities": -88000000, "issuanceOfStock": 82000000, "netIncome": 890000000, "changeInCash": -606000000, "repurchaseOfStock": -19000000, "effectOfExchangeRate": -3000000, "totalCashFromOperatingActivities": 1015000000, "depreciation": 226000000, "otherCashflowsFromInvestingActivities": 24000000, "changeToInventory": -36000000, "changeToAccountReceivables": -82000000, "otherCashflowsFromFinancingActivities": -112000000, "changeToNetincome": 81000000, "capitalExpenditures": -102000000}, "2018-09-30": {"changeToLiabilities": 18000000, "totalCashflowsFromInvestingActivities": -684000000, "netBorrowings": 1095000000, "totalCashFromFinancingActivities": 1086000000, "changeToOperatingActivities": 7000000, "issuanceOfStock": 58000000, "netIncome": 957000000, "changeInCash": 1422000000, "repurchaseOfStock": -19000000, "effectOfExchangeRate": -2000000, "totalCashFromOperatingActivities": 1022000000, "depreciation": 129000000, "otherCashflowsFromInvestingActivities": 57000000, "changeToInventory": -18000000, "changeToAccountReceivables": -44000000, "otherCashflowsFromFinancingActivities": -67000000, "changeToNetincome": -85000000, "capitalExpenditures": -73000000}}, "quarterly": {"2022-07-02": {"changeToLiabilities": 10000000, "totalCashflowsFromInvestingActivities": -451000000, "netBorrowings": -18000000, "totalCashFromFinancingActivities": -244000000, "changeToOperatingActivities": 68000000, "issuanceOfStock": 19000000, "netIncome": 238000000, "changeInCash": -408000000, "repurchaseOfStock": -245000000, "effectOfExchangeRate": -22000000, "totalCashFromOperatingActivities": 309000000, "depreciation": 61000000, "changeToInventory": -46000000, "changeToAccountReceivables": -83000000, "changeToNetincome": 11000000, "capitalExpenditures": -29000000}, "2022-04-02": {"changeToLiabilities": 27000000, "totalCashflowsFromInvestingActivities": -29000000, "netBorrowings": -19000000, "totalCashFromFinancingActivities": -647000000, "changeToOperatingActivities": -71000000, "issuanceOfStock": 40000000, "netIncome": 199000000, "changeInCash": -597000000, "repurchaseOfStock": -667000000, "effectOfExchangeRate": -8000000, "totalCashFromOperatingActivities": 87000000, "depreciation": 62000000, "changeToInventory": -30000000, "changeToAccountReceivables": -125000000, "otherCashflowsFromFinancingActivities": -1000000, "changeToNetincome": 30000000, "capitalExpenditures": -32000000}, "2022-01-01": {"changeToLiabilities": -14000000, "totalCashflowsFromInvestingActivities": -25000000, "netBorrowings": -219000000, "totalCashFromFinancingActivities": -225000000, "changeToOperatingActivities": -46000000, "issuanceOfStock": 40000000, "netIncome": 163000000, "changeInCash": 26000000, "repurchaseOfStock": -667000000, "effectOfExchangeRate": -3000000, "totalCashFromOperatingActivities": 279000000, "depreciation": 65000000, "changeToInventory": -32000000, "changeToAccountReceivables": 117000000, "otherCashflowsFromFinancingActivities": -46000000, "changeToNetincome": 24000000, "capitalExpenditures": -25000000}, "2021-09-30": {"changeToLiabilities": 22000000, "totalCashflowsFromInvestingActivities": -37000000, "netBorrowings": -19000000, "totalCashFromFinancingActivities": 4000000, "changeToOperatingActivities": -4000000, "issuanceOfStock": 22000000, "netIncome": 209000000, "changeInCash": 258000000, "repurchaseOfStock": -667000000, "effectOfExchangeRate": 2000000, "totalCashFromOperatingActivities": 289000000, "depreciation": 65000000, "changeToInventory": 39000000, "changeToAccountReceivables": -101000000, "otherCashflowsFromFinancingActivities": 1000000, "changeToNetincome": 24000000, "capitalExpenditures": -25000000}}}}, "PCAR": {"balance": {"annual": {"2021-12-31": {"capitalSurplus": 142000000, "totalLiab": 17864300000, "totalStockholderEquity": 11437400000, "otherCurrentLiab": 2401700000, "totalAssets": 29301700000, "commonStock": 347300000, "otherCurrentAssets": 730400000, "retainedEarnings": 11869200000, "otherLiab": 1469200000, "treasuryStock": -921100000, "otherAssets": 1262300000, "cash": 3253600000, "totalCurrentLiabilities": 8512300000, "deferredLongTermAssetCharges": 51500000, "otherStockholderEquity": -921100000, "propertyPlantEquipment": 3731200000, "totalCurrentAssets": 21112500000, "netTangibleAssets": 11437400000, "shortTermInvestments": 1559400000, "netReceivables": 1575100000, "inventory": 1768300000, "accountsPayable": 1393500000}, "2020-12-31": {"capitalSurplus": 88500000, "totalLiab": 17870000000, "totalStockholderEquity": 10390000000, "otherCurrentLiab": 1905200000, "totalAssets": 28260000000, "commonStock": 346600000, "otherCurrentAssets": 515600000, "retainedEarnings": 11005200000, "otherLiab": 1779700000, "treasuryStock": -1050300000, "otherAssets": 967000000, "cash": 3405000000, "totalCurrentLiabilities": 7595800000, "deferredLongTermAssetCharges": 90400000, "otherStockholderEquity": -1050300000, "propertyPlantEquipment": 3724200000, "totalCurrentAssets": 20134900000, "netTangibleAssets": 10390000000, "shortTermInvestments": 1429000000, "netReceivables": 1197500000, "inventory": 1221900000, "accountsPayable": 1176200000}, "2019-12-31": {"capitalSurplus": 61400000, "totalLiab": 18655000000, "totalStockholderEquity": 9706100000, "otherCurrentLiab": 2291500000, "totalAssets": 28361100000, "commonStock": 346300000, "otherCurrentAssets": 388000000, "retainedEarnings": 10398500000, "otherLiab": 1833000000, "treasuryStock": -1100100000, "otherAssets": 810900000, "cash": 4007300000, "totalCurrentLiabilities": 8619600000, "deferredLongTermAssetCharges": 115400000, "otherStockholderEquity": -1100100000, "propertyPlantEquipment": 3462100000, "totalCurrentAssets": 20733300000, "netTangibleAssets": 9706100000, "shortTermInvestments": 1162100000, "netReceivables": 1306100000, "inventory": 1153200000, "accountsPayable": 1115700000}, "2018-12-31": {"capitalSurplus": 69400000, "totalLiab": 16889500000, "totalStockholderEquity": 8592900000, "otherCurrentLiab": 1670900000, "totalAssets": 25482400000, "commonStock": 346600000, "otherCurrentAssets": 364700000, "retainedEarnings": 9275400000, "otherLiab": 1840900000, "treasuryStock": -1098500000, "otherAssets": 651900000, "cash": 3279200000, "totalCurrentLiabilities": 7669500000, "deferredLongTermAssetCharges": 97100000, "otherStockholderEquity": -1098500000, "propertyPlantEquipment": 3267500000, "totalCurrentAssets": 18483500000, "netTangibleAssets": 8592900000, "shortTermInvestments": 1020400000, "netReceivables": 1314400000, "inventory": 1184700000, "accountsPayable": 1304900000}}, "quarterly": {"2022-06-30": {"capitalSurplus": 174000000, "totalLiab": 18070700000, "totalStockholderEquity": 12518000000, "otherCurrentLiab": 39400000, "totalAssets": 30588700000, "commonStock": 347700000, "otherCurrentAssets": 691800000, "retainedEarnings": 13109900000, "otherLiab": 1674600000, "treasuryStock": -1113600000, "otherAssets": 1351200000, "cash": 3135100000, "totalCurrentLiabilities": 5301200000, "otherStockholderEquity": -1111700000, "propertyPlantEquipment": 3618300000, "totalCurrentAssets": 22423200000, "netTangibleAssets": 12518000000, "shortTermInvestments": 1559200000, "netReceivables": 1959700000, "inventory": 2232200000, "accountsPayable": 4513900000}, "2022-03-31": {"capitalSurplus": 167300000, "totalLiab": 18442800000, "totalStockholderEquity": 12143300000, "otherCurrentLiab": 77600000, "totalAssets": 30586100000, "commonStock": 12143300000, "otherCurrentAssets": 720500000, "retainedEarnings": 12507900000, "otherLiab": 1689500000, "treasuryStock": -879600000, "otherAssets": 1340700000, "cash": 3314900000, "totalCurrentLiabilities": 6325900000, "otherStockholderEquity": -877700000, "propertyPlantEquipment": 5766700000, "totalCurrentAssets": 8822300000, "netTangibleAssets": 12143300000, "shortTermInvestments": 1357500000, "netReceivables": 1927800000, "inventory": 2222100000, "accountsPayable": 6325900000}, "2021-12-31": {"capitalSurplus": 142000000, "totalLiab": 17864300000, "totalStockholderEquity": 11437400000, "otherCurrentLiab": 2401700000, "totalAssets": 29301700000, "commonStock": 347300000, "otherCurrentAssets": 730400000, "retainedEarnings": 11869200000, "otherLiab": 1469200000, "treasuryStock": -921100000, "otherAssets": 1262300000, "cash": 3253600000, "totalCurrentLiabilities": 8512300000, "deferredLongTermAssetCharges": 51500000, "otherStockholderEquity": -921100000, "propertyPlantEquipment": 3731200000, "totalCurrentAssets": 21112500000, "netTangibleAssets": 11437400000, "shortTermInvestments": 1559400000, "netReceivables": 1575100000, "inventory": 1768300000, "accountsPayable": 1393500000}, "2021-09-30": {"capitalSurplus": 131800000, "totalLiab": 16579500000, "totalStockholderEquity": 11330400000, "otherCurrentLiab": 18300000, "totalAssets": 27909900000, "commonStock": 347200000, "otherCurrentAssets": 667900000, "retainedEarnings": 11998100000, "otherLiab": 1735900000, "treasuryStock": -1146700000, "otherAssets": 1005500000, "cash": 2098400000, "totalCurrentLiabilities": 4493900000, "otherStockholderEquity": -1145200000, "propertyPlantEquipment": 3658500000, "totalCurrentAssets": 19999600000, "netTangibleAssets": 11330400000, "shortTermInvestments": 1549400000, "netReceivables": 1475800000, "inventory": 2516700000, "accountsPayable": 3829500000}}}, "income": {"annual": {"2021-12-31": {"researchDevelopment": 324100000, "effectOfAccountingCharges": null, "incomeBeforeTax": 2378600000, "minorityInterest": null, "netIncome": 1852100000, "sellingGeneralAdministrative": 468900000, "grossProfit": 3162000000, "ebit": 2369000000, "operatingIncome": 2369000000, "otherOperatingExpenses": null, "interestExpense": -7400000, "extraordinaryItems": null, "nonRecurring": null, "otherItems": null, "incomeTaxExpense": 526500000, "totalRevenue": 23522300000, "totalOperatingExpenses": 21153300000, "costOfRevenue": 20360300000, "totalOtherIncomeExpenseNet": 9600000, "discontinuedOperations": null, "netIncomeFromContinuingOps": 1852100000, "netIncomeApplicableToCommonShares": 1852100000}, "2020-12-31": {"researchDevelopment": 273900000, "effectOfAccountingCharges": null, "incomeBeforeTax": 1657900000, "minorityInterest": null, "netIncome": 1298400000, "sellingGeneralAdministrative": 408900000, "grossProfit": 2301000000, "ebit": 1618200000, "operatingIncome": 1618200000, "otherOperatingExpenses": null, "interestExpense": -8700000, "extraordinaryItems": null, "nonRecurring": null, "otherItems": null, "incomeTaxExpense": 359500000, "totalRevenue": 18728500000, "totalOperatingExpenses": 17110300000, "costOfRevenue": 16427500000, "totalOtherIncomeExpenseNet": 39700000, "discontinuedOperations": null, "netIncomeFromContinuingOps": 1298400000, "netIncomeApplicableToCommonShares": 1298400000}, "2019-12-31": {"researchDevelopment": 326600000, "effectOfAccountingCharges": null, "incomeBeforeTax": 3099200000, "minorityInterest": null, "netIncome": 2387900000, "sellingGeneralAdministrative": 502400000, "grossProfit": 3863000000, "ebit": 3034000000, "operatingIncome": 3034000000, "otherOperatingExpenses": null, "interestExpense": -12100000, "extraordinaryItems": null, "nonRecurring": null, "otherItems": null, "incomeTaxExpense": 711300000, "totalRevenue": 25599700000, "totalOperatingExpenses": 22565700000, "costOfRevenue": 21736700000, "totalOtherIncomeExpenseNet": 65200000, "discontinuedOperations": null, "netIncomeFromContinuingOps": 2387900000, "netIncomeApplicableToCommonShares": 2387900000}, "2018-12-31": {"researchDevelopment": 306100000, "effectOfAccountingCharges": null, "incomeBeforeTax": 2810200000, "minorityInterest": null, "netIncome": 2195100000, "sellingGeneralAdministrative": 470200000, "grossProfit": 3519500000, "ebit": 2743200000, "operatingIncome": 2743200000, "otherOperatingExpenses": null, "interestExpense": -12100000, "extraordinaryItems": null, "nonRecurring": null, "otherItems": null, "incomeTaxExpense": 615100000, "totalRevenue": 23495700000, "totalOperatingExpenses": 20752500000, "costOfRevenue": 19976200000, "totalOtherIncomeExpenseNet": 67000000, "discontinuedOperations": null, "netIncomeFromContinuingOps": 2195100000, "netIncomeApplicableToCommonShares": 2195100000}}, "quarterly": {"2022-06-30": {"researchDevelopment": 80400000, "effectOfAccountingCharges": null, "incomeBeforeTax": 922100000, "minorityInterest": null, "netIncome": 720400000, "sellingGeneralAdministrative": 117800000, "grossProfit": 1119600000, "ebit": 921400000, "operatingIncome": 921400000, "otherOperatingExpenses": null, "interestExpense": -4700000, "extraordinaryItems": null, "nonRecurring": null, "otherItems": null, "incomeTaxExpense": 201700000, "totalRevenue": 7158700000, "totalOperatingExpenses": 6237300000, "costOfRevenue": 6039100000, "totalOtherIncomeExpenseNet": 700000, "discontinuedOperations": null, "netIncomeFromContinuingOps": 720400000, "netIncomeApplicableToCommonShares": 720400000}, "2022-03-31": {"researchDevelopment": 78000000, "effectOfAccountingCharges": null, "incomeBeforeTax": 771400000, "minorityInterest": null, "netIncome": 600500000, "sellingGeneralAdministrative": 148000000, "grossProfit": 967900000, "ebit": 741900000, "operatingIncome": 741900000, "otherOperatingExpenses": null, "interestExpense": -4700000, "extraordinaryItems": null, "nonRecurring": null, "otherItems": null, "incomeTaxExpense": 170900000, "totalRevenue": 6472600000, "totalOperatingExpenses": 5730700000, "costOfRevenue": 5504700000, "totalOtherIncomeExpenseNet": 29200000, "discontinuedOperations": null, "netIncomeFromContinuingOps": 600500000, "netIncomeApplicableToCommonShares": 600500000}, "2021-12-31": {"researchDevelopment": 87100000, "effectOfAccountingCharges": null, "incomeBeforeTax": 651000000, "minorityInterest": null, "netIncome": 511400000, "sellingGeneralAdministrative": 130700000, "grossProfit": 853700000, "ebit": 635900000, "operatingIncome": 635900000, "otherOperatingExpenses": null, "interestExpense": -4700000, "extraordinaryItems": null, "nonRecurring": null, "otherItems": null, "incomeTaxExpense": 139600000, "totalRevenue": 6686100000, "totalOperatingExpenses": 6050200000, "costOfRevenue": 5832400000, "totalOtherIncomeExpenseNet": 15100000, "discontinuedOperations": null, "netIncomeFromContinuingOps": 511400000, "netIncomeApplicableToCommonShares": 511400000}, "2021-09-30": {"researchDevelopment": 72500000, "effectOfAccountingCharges": null, "incomeBeforeTax": 483300000, "minorityInterest": null, "netIncome": 377700000, "sellingGeneralAdministrative": 115200000, "grossProfit": 677700000, "ebit": 490000000, "operatingIncome": 490000000, "otherOperatingExpenses": null, "interestExpense": -9400000, "extraordinaryItems": null, "nonRecurring": null, "otherItems": null, "incomeTaxExpense": 105600000, "totalRevenue": 5146800000, "totalOperatingExpenses": 4656800000, "costOfRevenue": 4469100000, "totalOtherIncomeExpenseNet": -6700000, "discontinuedOperations": null, "netIncomeFromContinuingOps": 377700000, "netIncomeApplicableToCommonShares": 377700000}}}, "cash": {"annual": {"2021-12-31": {"investments": -176100000, "changeToLiabilities": 693400000, "totalCashflowsFromInvestingActivities": -1362700000, "netBorrowings": -210900000, "totalCashFromFinancingActivities": -882900000, "changeToOperatingActivities": -112500000, "issuanceOfStock": 37500000, "netIncome": 1852100000, "changeInCash": -111300000, "repurchaseOfStock": -1500000, "effectOfExchangeRate": -52400000, "totalCashFromOperatingActivities": 2186700000, "depreciation": 305500000, "otherCashflowsFromInvestingActivities": -12800000, "changeToInventory": -610300000, "changeToAccountReceivables": -322100000, "changeToNetincome": -217200000, "capitalExpenditures": -1632800000}, "2020-12-31": {"investments": -244600000, "changeToLiabilities": -53600000, "totalCashflowsFromInvestingActivities": -1875800000, "netBorrowings": -580300000, "totalCashFromFinancingActivities": -1808500000, "changeToOperatingActivities": -115200000, "issuanceOfStock": 53700000, "netIncome": 1298400000, "changeInCash": -635500000, "repurchaseOfStock": -42100000, "effectOfExchangeRate": 61600000, "totalCashFromOperatingActivities": 2987200000, "depreciation": 397100000, "otherCashflowsFromInvestingActivities": 17300000, "dividendsPaid": -443280000, "changeToInventory": -48200000, "changeToAccountReceivables": 993000000, "changeToNetincome": -136200000, "capitalExpenditures": -1638400000}, "2019-12-31": {"investments": -135100000, "changeToLiabilities": -27600000, "totalCashflowsFromInvestingActivities": -2207400000, "netBorrowings": 1271400000, "totalCashFromFinancingActivities": 83400000, "changeToOperatingActivities": -86500000, "issuanceOfStock": 60800000, "netIncome": 2387900000, "changeInCash": 739200000, "repurchaseOfStock": -110200000, "effectOfExchangeRate": 2900000, "totalCashFromOperatingActivities": 2860300000, "depreciation": 1077300000, "otherCashflowsFromInvestingActivities": 1100000, "dividendsPaid": -435760000, "changeToInventory": 24600000, "changeToAccountReceivables": -592500000, "changeToNetincome": 77100000, "capitalExpenditures": -1970800000}, "2018-12-31": {"investments": 315600000, "changeToLiabilities": 528900000, "totalCashflowsFromInvestingActivities": -1930700000, "netBorrowings": 1210500000, "totalCashFromFinancingActivities": 71100000, "changeToOperatingActivities": 378100000, "issuanceOfStock": 19300000, "netIncome": 2195100000, "changeInCash": 1071200000, "repurchaseOfStock": -354400000, "effectOfExchangeRate": -61500000, "totalCashFromOperatingActivities": 2992300000, "depreciation": 1054100000, "otherCashflowsFromInvestingActivities": -1900000, "dividendsPaid": -804300000, "changeToInventory": -332700000, "changeToAccountReceivables": -811400000, "changeToNetincome": -19800000, "capitalExpenditures": -1952300000}}, "quarterly": {"2022-06-30": {"investments": -85800000, "changeToLiabilities": 260000000, "totalCashflowsFromInvestingActivities": -472900000, "netBorrowings": -73100000, "totalCashFromFinancingActivities": -189600000, "issuanceOfStock": 1700000, "netIncome": 720400000, "changeInCash": -83600000, "effectOfExchangeRate": -59300000, "totalCashFromOperatingActivities": 638200000, "depreciation": 72900000, "dividendsPaid": -118200000, "changeToInventory": -77000000, "changeToAccountReceivables": -302100000, "changeToNetincome": -19400000, "capitalExpenditures": -370700000}, "2022-03-31": {"investments": -3800000, "changeToLiabilities": 550300000, "totalCashflowsFromInvestingActivities": -406100000, "netBorrowings": 468200000, "totalCashFromFinancingActivities": -156400000, "issuanceOfStock": 16700000, "netIncome": 600500000, "changeInCash": -113400000, "repurchaseOfStock": -1900000, "effectOfExchangeRate": -10200000, "totalCashFromOperatingActivities": 459300000, "depreciation": 185700000, "otherCashflowsFromInvestingActivities": 26700000, "dividendsPaid": -639400000, "changeToInventory": -230900000, "changeToAccountReceivables": -389000000, "changeToNetincome": 62100000, "capitalExpenditures": -368600000}, "2021-12-31": {"investments": -25000000, "changeToLiabilities": 186600000, "totalCashflowsFromInvestingActivities": -337300000, "netBorrowings": 617700000, "totalCashFromFinancingActivities": 507000000, "changeToOperatingActivities": -112500000, "issuanceOfStock": 7400000, "netIncome": 511400000, "changeInCash": 1200500000, "repurchaseOfStock": -1900000, "effectOfExchangeRate": -5700000, "totalCashFromOperatingActivities": 1036500000, "depreciation": 75500000, "otherCashflowsFromInvestingActivities": 26700000, "dividendsPaid": -639400000, "changeToInventory": 730700000, "changeToAccountReceivables": -600800000, "otherCashflowsFromFinancingActivities": 347000000, "changeToNetincome": 38700000, "capitalExpenditures": -461000000}, "2021-09-30": {"investments": -135100000, "changeToLiabilities": -224200000, "totalCashflowsFromInvestingActivities": -358700000, "netBorrowings": -620200000, "totalCashFromFinancingActivities": -738400000, "changeToOperatingActivities": -112500000, "issuanceOfStock": 7400000, "netIncome": 377700000, "changeInCash": -842000000, "repurchaseOfStock": -100000, "effectOfExchangeRate": -27400000, "totalCashFromOperatingActivities": 282500000, "depreciation": 66400000, "otherCashflowsFromInvestingActivities": 26700000, "dividendsPaid": -639400000, "changeToInventory": -502000000, "changeToAccountReceivables": 450100000, "otherCashflowsFromFinancingActivities": 124800000, "changeToNetincome": -195500000, "capitalExpenditures": -378500000}}}}, "APTV": {"balance": {"annual": {"2021-12-31": {"intangibleAssets": 964000000, "capitalSurplus": 3939000000, "totalLiab": 9446000000, "totalStockholderEquity": 8347000000, "minorityInterest": 214000000, "deferredLongTermLiab": 69000000, "otherCurrentLiab": 339000000, "totalAssets": 18007000000, "commonStock": 3000000, "otherCurrentAssets": 78000000, "retainedEarnings": 5077000000, "otherLiab": 876000000, "goodWill": 2511000000, "treasuryStock": -672000000, "otherAssets": 526000000, "cash": 3139000000, "totalCurrentLiabilities": 4207000000, "deferredLongTermAssetCharges": 159000000, "shortLongTermDebt": 5000000, "otherStockholderEquity": -672000000, "propertyPlantEquipment": 3677000000, "totalCurrentAssets": 8436000000, "longTermInvestments": 1893000000, "netTangibleAssets": 4872000000, "netReceivables": 3142000000, "longTermDebt": 4049000000, "inventory": 2014000000, "accountsPayable": 2953000000}, "2020-12-31": {"intangibleAssets": 1091000000, "capitalSurplus": 3897000000, "totalLiab": 9422000000, "totalStockholderEquity": 7905000000, "minorityInterest": 195000000, "deferredLongTermLiab": 97000000, "otherCurrentLiab": 383000000, "totalAssets": 17522000000, "commonStock": 3000000, "otherCurrentAssets": 115000000, "retainedEarnings": 4550000000, "otherLiab": 1065000000, "goodWill": 2580000000, "treasuryStock": -545000000, "otherAssets": 581000000, "cash": 2821000000, "totalCurrentLiabilities": 4046000000, "deferredLongTermAssetCharges": 174000000, "shortLongTermDebt": 86000000, "otherStockholderEquity": -545000000, "propertyPlantEquipment": 3681000000, "totalCurrentAssets": 7465000000, "longTermInvestments": 2124000000, "netTangibleAssets": 4234000000, "netReceivables": 3185000000, "longTermDebt": 3997000000, "inventory": 1297000000, "accountsPayable": 2571000000}, "2019-12-31": {"intangibleAssets": 1186000000, "capitalSurplus": 1645000000, "totalLiab": 9448000000, "totalStockholderEquity": 3819000000, "minorityInterest": 192000000, "deferredLongTermLiab": 82000000, "otherCurrentLiab": 420000000, "totalAssets": 13459000000, "commonStock": 3000000, "otherCurrentAssets": 603000000, "retainedEarnings": 2890000000, "otherLiab": 1094000000, "goodWill": 2407000000, "treasuryStock": -719000000, "otherAssets": 618000000, "cash": 412000000, "totalCurrentLiabilities": 4054000000, "deferredLongTermAssetCharges": 164000000, "shortLongTermDebt": 389000000, "otherStockholderEquity": -719000000, "propertyPlantEquipment": 3722000000, "totalCurrentAssets": 5319000000, "longTermInvestments": 207000000, "netTangibleAssets": 226000000, "netReceivables": 2930000000, "longTermDebt": 3953000000, "inventory": 1286000000, "accountsPayable": 2463000000}, "2018-12-31": {"intangibleAssets": 1380000000, "capitalSurplus": 1639000000, "totalLiab": 8810000000, "totalStockholderEquity": 3459000000, "minorityInterest": 211000000, "deferredLongTermLiab": 70000000, "otherCurrentLiab": 361000000, "totalAssets": 12480000000, "commonStock": 3000000, "otherCurrentAssets": 26000000, "retainedEarnings": 2511000000, "otherLiab": 1078000000, "goodWill": 2524000000, "treasuryStock": -694000000, "otherAssets": 449000000, "cash": 567000000, "totalCurrentLiabilities": 3694000000, "deferredLongTermAssetCharges": 143000000, "shortLongTermDebt": 306000000, "otherStockholderEquity": -694000000, "propertyPlantEquipment": 3179000000, "totalCurrentAssets": 4777000000, "longTermInvestments": 171000000, "netTangibleAssets": -445000000, "netReceivables": 2835000000, "longTermDebt": 4038000000, "inventory": 1277000000, "accountsPayable": 2334000000}}, "quarterly": {"2022-06-30": {"intangibleAssets": 876000000, "capitalSurplus": 3949000000, "totalLiab": 11626000000, "totalStockholderEquity": 8099000000, "minorityInterest": 183000000, "deferredLongTermLiab": 59000000, "otherCurrentLiab": 297000000, "totalAssets": 19908000000, "commonStock": 3000000, "otherCurrentAssets": 47000000, "retainedEarnings": 5089000000, "otherLiab": 840000000, "goodWill": 2392000000, "treasuryStock": -942000000, "otherAssets": 508000000, "cash": 4670000000, "totalCurrentLiabilities": 4019000000, "deferredLongTermAssetCharges": 158000000, "shortLongTermDebt": 17000000, "otherStockholderEquity": -942000000, "propertyPlantEquipment": 3625000000, "totalCurrentAssets": 10558000000, "longTermInvestments": 1949000000, "netTangibleAssets": 4831000000, "netReceivables": 3411000000, "longTermDebt": 6414000000, "inventory": 2362000000, "accountsPayable": 2749000000}, "2022-03-31": {"intangibleAssets": 924000000, "capitalSurplus": 3908000000, "totalLiab": 11804000000, "totalStockholderEquity": 8396000000, "minorityInterest": 204000000, "deferredLongTermLiab": 65000000, "otherCurrentLiab": 293000000, "totalAssets": 20404000000, "commonStock": 3000000, "otherCurrentAssets": 86000000, "retainedEarnings": 5150000000, "otherLiab": 852000000, "goodWill": 2479000000, "treasuryStock": -665000000, "otherAssets": 543000000, "cash": 4877000000, "totalCurrentLiabilities": 4146000000, "deferredLongTermAssetCharges": 159000000, "shortLongTermDebt": 35000000, "otherStockholderEquity": -665000000, "propertyPlantEquipment": 3672000000, "totalCurrentAssets": 10774000000, "longTermInvestments": 2012000000, "netTangibleAssets": 4993000000, "netReceivables": 3420000000, "longTermDebt": 6465000000, "inventory": 2312000000, "accountsPayable": 2910000000}, "2021-12-31": {"intangibleAssets": 964000000, "capitalSurplus": 3939000000, "totalLiab": 9446000000, "totalStockholderEquity": 8347000000, "minorityInterest": 214000000, "deferredLongTermLiab": 69000000, "otherCurrentLiab": 339000000, "totalAssets": 18007000000, "commonStock": 3000000, "otherCurrentAssets": 78000000, "retainedEarnings": 5077000000, "otherLiab": 876000000, "goodWill": 2511000000, "treasuryStock": -672000000, "otherAssets": 526000000, "cash": 3139000000, "totalCurrentLiabilities": 4207000000, "deferredLongTermAssetCharges": 159000000, "shortLongTermDebt": 5000000, "otherStockholderEquity": -672000000, "propertyPlantEquipment": 3677000000, "totalCurrentAssets": 8436000000, "longTermInvestments": 1893000000, "netTangibleAssets": 4872000000, "netReceivables": 3142000000, "longTermDebt": 4049000000, "inventory": 2014000000, "accountsPayable": 2953000000}, "2021-09-30": {"intangibleAssets": 973000000, "capitalSurplus": 3928000000, "totalLiab": 9152000000, "totalStockholderEquity": 8294000000, "minorityInterest": 205000000, "deferredLongTermLiab": 69000000, "otherCurrentLiab": 299000000, "totalAssets": 17651000000, "commonStock": 3000000, "otherCurrentAssets": 120000000, "retainedEarnings": 5062000000, "otherLiab": 1017000000, "goodWill": 2504000000, "treasuryStock": -699000000, "otherAssets": 533000000, "cash": 2741000000, "totalCurrentLiabilities": 3834000000, "deferredLongTermAssetCharges": 167000000, "shortLongTermDebt": 8000000, "otherStockholderEquity": -699000000, "propertyPlantEquipment": 3574000000, "totalCurrentAssets": 8104000000, "longTermInvestments": 1963000000, "netTangibleAssets": 4817000000, "netReceivables": 3060000000, "longTermDebt": 3984000000, "inventory": 2119000000, "accountsPayable": 2544000000}}}, "income": {"annual": {"2021-12-31": {"researchDevelopment": null, "effectOfAccountingCharges": null, "incomeBeforeTax": 710000000, "minorityInterest": 214000000, "netIncome": 590000000, "sellingGeneralAdministrative": 1081000000, "grossProfit": 2438000000, "ebit": 1209000000, "operatingIncome": 1209000000, "otherOperatingExpenses": null, "interestExpense": -150000000, "extraordinaryItems": null, "nonRecurring": null, "otherItems": null, "incomeTaxExpense": 101000000, "totalRevenue": 15618000000, "totalOperatingExpenses": 14409000000, "costOfRevenue": 13180000000, "totalOtherIncomeExpenseNet": -499000000, "discontinuedOperations": null, "netIncomeFromContinuingOps": 609000000, "netIncomeApplicableToCommonShares": 527000000}, "2020-12-31": {"researchDevelopment": null, "effectOfAccountingCharges": null, "incomeBeforeTax": 1871000000, "minorityInterest": 195000000, "netIncome": 1804000000, "sellingGeneralAdministrative": 996000000, "grossProfit": 1950000000, "ebit": 810000000, "operatingIncome": 810000000, "otherOperatingExpenses": null, "interestExpense": -164000000, "extraordinaryItems": null, "nonRecurring": null, "otherItems": null, "incomeTaxExpense": 49000000, "totalRevenue": 13066000000, "totalOperatingExpenses": 12256000000, "costOfRevenue": 11116000000, "totalOtherIncomeExpenseNet": 1061000000, "discontinuedOperations": null, "netIncomeFromContinuingOps": 1822000000, "netIncomeApplicableToCommonShares": 1769000000}, "2019-12-31": {"researchDevelopment": null, "effectOfAccountingCharges": null, "incomeBeforeTax": 1141000000, "minorityInterest": 192000000, "netIncome": 990000000, "sellingGeneralAdministrative": 1103000000, "grossProfit": 2649000000, "ebit": 1408000000, "operatingIncome": 1408000000, "otherOperatingExpenses": null, "interestExpense": -164000000, "extraordinaryItems": null, "nonRecurring": null, "otherItems": null, "incomeTaxExpense": 132000000, "totalRevenue": 14357000000, "totalOperatingExpenses": 12949000000, "costOfRevenue": 11708000000, "totalOtherIncomeExpenseNet": -267000000, "discontinuedOperations": null, "netIncomeFromContinuingOps": 1009000000, "netIncomeApplicableToCommonShares": 990000000}, "2018-12-31": {"researchDevelopment": null, "effectOfAccountingCharges": null, "incomeBeforeTax": 1357000000, "minorityInterest": 211000000, "netIncome": 1067000000, "sellingGeneralAdministrative": 1011000000, "grossProfit": 2733000000, "ebit": 1598000000, "operatingIncome": 1598000000, "otherOperatingExpenses": null, "interestExpense": -141000000, "extraordinaryItems": null, "nonRecurring": null, "otherItems": null, "incomeTaxExpense": 250000000, "totalRevenue": 14435000000, "totalOperatingExpenses": 12837000000, "costOfRevenue": 11702000000, "totalOtherIncomeExpenseNet": -241000000, "discontinuedOperations": null, "netIncomeFromContinuingOps": 1107000000, "netIncomeApplicableToCommonShares": 1067000000}}, "quarterly": {"2022-06-30": {"researchDevelopment": null, "effectOfAccountingCharges": null, "incomeBeforeTax": -56000000, "minorityInterest": 183000000, "netIncome": -45000000, "sellingGeneralAdministrative": 289000000, "grossProfit": 443000000, "ebit": 116000000, "operatingIncome": 116000000, "otherOperatingExpenses": null, "interestExpense": -56000000, "extraordinaryItems": null, "nonRecurring": null, "otherItems": null, "incomeTaxExpense": 16000000, "totalRevenue": 4057000000, "totalOperatingExpenses": 3941000000, "costOfRevenue": 3614000000, "totalOtherIncomeExpenseNet": -172000000, "discontinuedOperations": null, "netIncomeFromContinuingOps": -72000000, "netIncomeApplicableToCommonShares": -61000000}, "2022-03-31": {"researchDevelopment": null, "effectOfAccountingCharges": null, "incomeBeforeTax": 111000000, "minorityInterest": 204000000, "netIncome": 89000000, "sellingGeneralAdministrative": 269000000, "grossProfit": 589000000, "ebit": 283000000, "operatingIncome": 283000000, "otherOperatingExpenses": null, "interestExpense": -43000000, "extraordinaryItems": null, "nonRecurring": null, "otherItems": null, "incomeTaxExpense": 21000000, "totalRevenue": 4178000000, "totalOperatingExpenses": 3895000000, "costOfRevenue": 3589000000, "totalOtherIncomeExpenseNet": -172000000, "discontinuedOperations": null, "netIncomeFromContinuingOps": 90000000, "netIncomeApplicableToCommonShares": 73000000}, "2021-12-31": {"researchDevelopment": null, "effectOfAccountingCharges": null, "incomeBeforeTax": 39000000, "minorityInterest": 214000000, "netIncome": 31000000, "sellingGeneralAdministrative": 278000000, "grossProfit": 593000000, "ebit": 278000000, "operatingIncome": 278000000, "otherOperatingExpenses": null, "interestExpense": -36000000, "extraordinaryItems": null, "nonRecurring": null, "otherItems": null, "incomeTaxExpense": 0, "totalRevenue": 4134000000, "totalOperatingExpenses": 3856000000, "costOfRevenue": 3541000000, "totalOtherIncomeExpenseNet": -239000000, "discontinuedOperations": null, "netIncomeFromContinuingOps": 39000000, "netIncomeApplicableToCommonShares": 15000000}, "2021-09-30": {"researchDevelopment": null, "effectOfAccountingCharges": null, "incomeBeforeTax": 129000000, "minorityInterest": 205000000, "netIncome": 101000000, "sellingGeneralAdministrative": 268000000, "grossProfit": 516000000, "ebit": 211000000, "operatingIncome": 211000000, "otherOperatingExpenses": null, "interestExpense": -36000000, "extraordinaryItems": null, "nonRecurring": null, "otherItems": null, "incomeTaxExpense": 25000000, "totalRevenue": 3654000000, "totalOperatingExpenses": 3443000000, "costOfRevenue": 3138000000, "totalOtherIncomeExpenseNet": -82000000, "discontinuedOperations": null, "netIncomeFromContinuingOps": 104000000, "netIncomeApplicableToCommonShares": 86000000}}}, "cash": {"annual": {"2021-12-31": {"investments": 20000000, "changeToLiabilities": 265000000, "totalCashflowsFromInvestingActivities": -729000000, "netBorrowings": -53000000, "totalCashFromFinancingActivities": -191000000, "changeToOperatingActivities": -75000000, "netIncome": 590000000, "changeInCash": 286000000, "repurchaseOfStock": -45000000, "effectOfExchangeRate": -16000000, "totalCashFromOperatingActivities": 1222000000, "depreciation": 771000000, "otherCashflowsFromInvestingActivities": -17000000, "dividendsPaid": -63000000, "changeToInventory": -710000000, "changeToAccountReceivables": 37000000, "otherCashflowsFromFinancingActivities": -30000000, "changeToNetincome": 336000000, "capitalExpenditures": -611000000}, "2020-12-31": {"investments": -2000000, "changeToLiabilities": 186000000, "totalCashflowsFromInvestingActivities": -626000000, "netBorrowings": -411000000, "totalCashFromFinancingActivities": 1613000000, "changeToOperatingActivities": 220000000, "issuanceOfStock": 1115000000, "netIncome": 1804000000, "changeInCash": 2424000000, "repurchaseOfStock": -90000000, "effectOfExchangeRate": 24000000, "totalCashFromOperatingActivities": 1413000000, "depreciation": 754000000, "otherCashflowsFromInvestingActivities": -1000000, "dividendsPaid": -88000000, "changeToInventory": -8000000, "changeToAccountReceivables": -243000000, "otherCashflowsFromFinancingActivities": -28000000, "changeToNetincome": -1309000000, "capitalExpenditures": -584000000}, "2019-12-31": {"investments": -10000000, "changeToLiabilities": 133000000, "totalCashflowsFromInvestingActivities": -1111000000, "netBorrowings": 42000000, "totalCashFromFinancingActivities": -649000000, "changeToOperatingActivities": -242000000, "issuanceOfStock": 1115000000, "netIncome": 990000000, "changeInCash": -139000000, "repurchaseOfStock": -454000000, "effectOfExchangeRate": -3000000, "totalCashFromOperatingActivities": 1624000000, "depreciation": 706000000, "otherCashflowsFromInvestingActivities": -1000000, "dividendsPaid": -226000000, "changeToInventory": 8000000, "changeToAccountReceivables": -74000000, "otherCashflowsFromFinancingActivities": -11000000, "changeToNetincome": 97000000, "capitalExpenditures": -781000000}, "2018-12-31": {"investments": -16000000, "changeToLiabilities": 62000000, "totalCashflowsFromInvestingActivities": -2048000000, "netBorrowings": 255000000, "totalCashFromFinancingActivities": -555000000, "changeToOperatingActivities": -139000000, "issuanceOfStock": 1115000000, "netIncome": 1067000000, "changeInCash": -1029000000, "repurchaseOfStock": -534000000, "effectOfExchangeRate": -54000000, "totalCashFromOperatingActivities": 1628000000, "depreciation": 642000000, "otherCashflowsFromInvestingActivities": -2000000, "dividendsPaid": -233000000, "changeToInventory": -120000000, "changeToAccountReceivables": 55000000, "otherCashflowsFromFinancingActivities": -43000000, "changeToNetincome": 54000000, "capitalExpenditures": -846000000}}, "quarterly": {"2022-06-30": {"investments": -39000000, "changeToLiabilities": -151000000, "totalCashflowsFromInvestingActivities": -240000000, "netBorrowings": -1000000, "totalCashFromFinancingActivities": -17000000, "changeToOperatingActivities": -12000000, "netIncome": -45000000, "changeInCash": -181000000, "effectOfExchangeRate": -19000000, "totalCashFromOperatingActivities": 95000000, "depreciation": 190000000, "otherCashflowsFromInvestingActivities": 5000000, "dividendsPaid": -16000000, "changeToInventory": -60000000, "changeToAccountReceivables": 26000000, "changeToNetincome": 145000000, "capitalExpenditures": -207000000}, "2022-03-31": {"investments": 1000000, "changeToLiabilities": 1000000, "totalCashflowsFromInvestingActivities": -465000000, "netBorrowings": 2471000000, "totalCashFromFinancingActivities": 2411000000, "changeToOperatingActivities": 4000000, "netIncome": 89000000, "changeInCash": 1738000000, "repurchaseOfStock": -36000000, "effectOfExchangeRate": -6000000, "totalCashFromOperatingActivities": -202000000, "depreciation": 191000000, "otherCashflowsFromInvestingActivities": -1000000, "dividendsPaid": -16000000, "changeToInventory": -298000000, "changeToAccountReceivables": -270000000, "otherCashflowsFromFinancingActivities": -8000000, "changeToNetincome": 79000000, "capitalExpenditures": -247000000}, "2021-12-31": {"investments": 8000000, "changeToLiabilities": 302000000, "totalCashflowsFromInvestingActivities": -259000000, "netBorrowings": -23000000, "totalCashFromFinancingActivities": -63000000, "changeToOperatingActivities": -26000000, "netIncome": 31000000, "changeInCash": 346000000, "repurchaseOfStock": -36000000, "effectOfExchangeRate": -1000000, "totalCashFromOperatingActivities": 669000000, "depreciation": 188000000, "otherCashflowsFromInvestingActivities": -6000000, "dividendsPaid": -16000000, "changeToInventory": 109000000, "changeToAccountReceivables": -62000000, "otherCashflowsFromFinancingActivities": -24000000, "changeToNetincome": 126000000, "capitalExpenditures": -181000000}, "2021-09-30": {"investments": 13000000, "changeToLiabilities": -60000000, "totalCashflowsFromInvestingActivities": -156000000, "netBorrowings": -10000000, "totalCashFromFinancingActivities": -25000000, "changeToOperatingActivities": 91000000, "netIncome": 101000000, "changeInCash": -185000000, "repurchaseOfStock": -36000000, "effectOfExchangeRate": -8000000, "totalCashFromOperatingActivities": 4000000, "depreciation": 193000000, "otherCashflowsFromInvestingActivities": -2000000, "dividendsPaid": -15000000, "changeToInventory": -318000000, "changeToAccountReceivables": -61000000, "otherCashflowsFromFinancingActivities": -24000000, "changeToNetincome": 57000000, "capitalExpenditures": -169000000}}}}, "WAB": {"balance": {"annual": {"2021-12-31": {"intangibleAssets": 3705000000, "capitalSurplus": 7916000000, "totalLiab": 8215000000, "totalStockholderEquity": 10201000000, "minorityInterest": 38000000, "otherCurrentLiab": 1074000000, "totalAssets": 18454000000, "commonStock": 2000000, "otherCurrentAssets": 193000000, "retainedEarnings": 4055000000, "otherLiab": 991000000, "goodWill": 8587000000, "treasuryStock": -1772000000, "otherAssets": 737000000, "cash": 473000000, "totalCurrentLiabilities": 2910000000, "shortLongTermDebt": 2000000, "otherStockholderEquity": -466000000, "propertyPlantEquipment": 1497000000, "totalCurrentAssets": 3832000000, "longTermInvestments": 96000000, "netTangibleAssets": -2091000000, "netReceivables": 1477000000, "longTermDebt": 4056000000, "inventory": 1689000000, "accountsPayable": 1012000000}, "2020-12-31": {"intangibleAssets": 3869000000, "capitalSurplus": 7881000000, "totalLiab": 8301000000, "totalStockholderEquity": 10123000000, "minorityInterest": 30000000, "otherCurrentLiab": 1122000000, "totalAssets": 18454000000, "commonStock": 2000000, "otherCurrentAssets": 227000000, "retainedEarnings": 3589000000, "otherLiab": 1283000000, "goodWill": 8485000000, "treasuryStock": -1349000000, "otherAssets": 519000000, "cash": 599000000, "totalCurrentLiabilities": 3226000000, "shortLongTermDebt": 447000000, "otherStockholderEquity": -339000000, "propertyPlantEquipment": 1601000000, "totalCurrentAssets": 3880000000, "longTermInvestments": 100000000, "netTangibleAssets": -2231000000, "netReceivables": 1412000000, "longTermDebt": 3792000000, "inventory": 1642000000, "accountsPayable": 909000000}, "2019-12-31": {"intangibleAssets": 4104000000, "capitalSurplus": 7877200000, "totalLiab": 8950600000, "totalStockholderEquity": 9956500000, "minorityInterest": 37100000, "otherCurrentLiab": 949200000, "totalAssets": 18944200000, "commonStock": 2000000, "otherCurrentAssets": 150900000, "retainedEarnings": 3267000000, "otherLiab": 1359000000, "goodWill": 8360600000, "treasuryStock": -1189700000, "otherAssets": 536500000, "cash": 604200000, "totalCurrentLiabilities": 3258000000, "shortLongTermDebt": 95700000, "otherStockholderEquity": -382600000, "propertyPlantEquipment": 1655800000, "totalCurrentAssets": 4192100000, "longTermInvestments": 95200000, "netTangibleAssets": -2508100000, "netReceivables": 1663900000, "longTermDebt": 4333600000, "inventory": 1773100000, "accountsPayable": 1157500000}, "2018-12-31": {"intangibleAssets": 1129900000, "capitalSurplus": 914600000, "totalLiab": 5780100000, "totalStockholderEquity": 2865200000, "minorityInterest": 3900000, "otherCurrentLiab": 580300000, "totalAssets": 8649200000, "commonStock": 1300000, "otherCurrentAssets": 1877000000, "retainedEarnings": 3022000000, "otherLiab": 340700000, "goodWill": 2396500000, "treasuryStock": -1072700000, "otherAssets": 109400000, "cash": 580900000, "totalCurrentLiabilities": 1646600000, "shortLongTermDebt": 64100000, "otherStockholderEquity": -256600000, "propertyPlantEquipment": 563800000, "totalCurrentAssets": 4449600000, "netTangibleAssets": -661200000, "netReceivables": 1146800000, "longTermDebt": 3792800000, "inventory": 844900000, "accountsPayable": 589400000}}, "quarterly": {"2022-06-30": {"intangibleAssets": 3531000000, "capitalSurplus": 7926000000, "totalLiab": 8386000000, "totalStockholderEquity": 9905000000, "minorityInterest": 42000000, "otherCurrentLiab": 1064000000, "totalAssets": 18333000000, "commonStock": 2000000, "otherCurrentAssets": 205000000, "retainedEarnings": 4314000000, "otherLiab": 938000000, "goodWill": 8459000000, "treasuryStock": -2337000000, "otherAssets": 869000000, "cash": 501000000, "totalCurrentLiabilities": 3190000000, "shortLongTermDebt": 226000000, "otherStockholderEquity": -641000000, "propertyPlantEquipment": 1428000000, "totalCurrentAssets": 4046000000, "netTangibleAssets": -2085000000, "netReceivables": 1422000000, "longTermDebt": 3987000000, "inventory": 1918000000, "accountsPayable": 1178000000}, "2022-03-31": {"intangibleAssets": 3632000000, "capitalSurplus": 7917000000, "totalLiab": 8350000000, "totalStockholderEquity": 10049000000, "minorityInterest": 39000000, "otherCurrentLiab": 1067000000, "totalAssets": 18438000000, "commonStock": 2000000, "otherCurrentAssets": 213000000, "retainedEarnings": 4176000000, "otherLiab": 984000000, "goodWill": 8567000000, "treasuryStock": -2046000000, "otherAssets": 860000000, "cash": 488000000, "totalCurrentLiabilities": 2880000000, "shortLongTermDebt": 14000000, "otherStockholderEquity": -449000000, "propertyPlantEquipment": 1468000000, "totalCurrentAssets": 3911000000, "netTangibleAssets": -2150000000, "netReceivables": 1382000000, "longTermDebt": 4225000000, "inventory": 1828000000, "accountsPayable": 1058000000}, "2021-12-31": {"intangibleAssets": 3705000000, "capitalSurplus": 7916000000, "totalLiab": 8215000000, "totalStockholderEquity": 10201000000, "minorityInterest": 38000000, "otherCurrentLiab": 1074000000, "totalAssets": 18454000000, "commonStock": 2000000, "otherCurrentAssets": 193000000, "retainedEarnings": 4055000000, "otherLiab": 991000000, "goodWill": 8587000000, "treasuryStock": -1772000000, "otherAssets": 737000000, "cash": 473000000, "totalCurrentLiabilities": 2910000000, "shortLongTermDebt": 2000000, "otherStockholderEquity": -466000000, "propertyPlantEquipment": 1497000000, "totalCurrentAssets": 3832000000, "longTermInvestments": 96000000, "netTangibleAssets": -2091000000, "netReceivables": 1477000000, "longTermDebt": 4056000000, "inventory": 1689000000, "accountsPayable": 1012000000}, "2021-09-30": {"intangibleAssets": 3779800000, "capitalSurplus": 7905600000, "totalLiab": 8160700000, "totalStockholderEquity": 10156600000, "minorityInterest": 34600000, "otherCurrentLiab": 1044800000, "totalAssets": 18351900000, "commonStock": 2000000, "otherCurrentAssets": 276100000, "retainedEarnings": 3887800000, "otherLiab": 963900000, "goodWill": 8604700000, "treasuryStock": -1638800000, "otherAssets": 698300000, "cash": 427400000, "totalCurrentLiabilities": 2811600000, "shortLongTermDebt": 3800000, "otherStockholderEquity": -432600000, "propertyPlantEquipment": 1509000000, "totalCurrentAssets": 3760100000, "netTangibleAssets": -2227900000, "netReceivables": 1367000000, "longTermDebt": 4067200000, "inventory": 1689600000, "accountsPayable": 947300000}}}, "income": {"annual": {"2021-12-31": {"researchDevelopment": 176000000, "effectOfAccountingCharges": null, "incomeBeforeTax": 737000000, "minorityInterest": 38000000, "netIncome": 558000000, "sellingGeneralAdministrative": 996000000, "grossProfit": 2430000000, "ebit": 971000000, "operatingIncome": 971000000, "otherOperatingExpenses": null, "interestExpense": -177000000, "extraordinaryItems": null, "nonRecurring": null, "otherItems": null, "incomeTaxExpense": 172000000, "totalRevenue": 7822000000, "totalOperatingExpenses": 6851000000, "costOfRevenue": 5392000000, "totalOtherIncomeExpenseNet": -234000000, "discontinuedOperations": null, "netIncomeFromContinuingOps": 565000000, "netIncomeApplicableToCommonShares": 556000000}, "2020-12-31": {"researchDevelopment": 162000000, "effectOfAccountingCharges": null, "incomeBeforeTax": 557000000, "minorityInterest": 30000000, "netIncome": 414000000, "sellingGeneralAdministrative": 867000000, "grossProfit": 2182000000, "ebit": 871000000, "operatingIncome": 871000000, "otherOperatingExpenses": null, "interestExpense": -199000000, "extraordinaryItems": null, "nonRecurring": null, "otherItems": null, "incomeTaxExpense": 145000000, "totalRevenue": 7556000000, "totalOperatingExpenses": 6685000000, "costOfRevenue": 5374000000, "totalOtherIncomeExpenseNet": -314000000, "discontinuedOperations": null, "netIncomeFromContinuingOps": 412000000, "netIncomeApplicableToCommonShares": 413000000}, "2019-12-31": {"researchDevelopment": 210000000, "effectOfAccountingCharges": null, "incomeBeforeTax": 447000000, "minorityInterest": 37100000, "netIncome": 327000000, "sellingGeneralAdministrative": 1094000000, "grossProfit": 2278000000, "ebit": 736000000, "operatingIncome": 736000000, "otherOperatingExpenses": null, "interestExpense": -219000000, "extraordinaryItems": null, "nonRecurring": null, "otherItems": null, "incomeTaxExpense": 120000000, "totalRevenue": 8200000000, "totalOperatingExpenses": 7464000000, "costOfRevenue": 5922000000, "totalOtherIncomeExpenseNet": -289000000, "discontinuedOperations": null, "netIncomeFromContinuingOps": 327000000, "netIncomeApplicableToCommonShares": 325000000}, "2018-12-31": {"researchDevelopment": 87500000, "effectOfAccountingCharges": null, "incomeBeforeTax": 367600000, "minorityInterest": 3900000, "netIncome": 294900000, "sellingGeneralAdministrative": 624200000, "grossProfit": 1233900000, "ebit": 482400000, "operatingIncome": 482400000, "otherOperatingExpenses": null, "interestExpense": -112200000, "extraordinaryItems": null, "nonRecurring": null, "otherItems": null, "incomeTaxExpense": 75900000, "totalRevenue": 4363500000, "totalOperatingExpenses": 3881100000, "costOfRevenue": 3129600000, "totalOtherIncomeExpenseNet": -114800000, "discontinuedOperations": null, "netIncomeFromContinuingOps": 291700000, "netIncomeApplicableToCommonShares": 294200000}}, "quarterly": {"2022-06-30": {"researchDevelopment": 50000000, "effectOfAccountingCharges": null, "incomeBeforeTax": 227000000, "minorityInterest": 42000000, "netIncome": 166000000, "sellingGeneralAdministrative": 255000000, "grossProfit": 647000000, "ebit": 270000000, "operatingIncome": 270000000, "otherOperatingExpenses": null, "interestExpense": -44000000, "extraordinaryItems": null, "nonRecurring": null, "otherItems": null, "incomeTaxExpense": 58000000, "totalRevenue": 2048000000, "totalOperatingExpenses": 1778000000, "costOfRevenue": 1401000000, "totalOtherIncomeExpenseNet": -43000000, "discontinuedOperations": null, "netIncomeFromContinuingOps": 169000000, "netIncomeApplicableToCommonShares": 166000000}, "2022-03-31": {"researchDevelopment": 45000000, "effectOfAccountingCharges": null, "incomeBeforeTax": 200000000, "minorityInterest": 39000000, "netIncome": 149000000, "sellingGeneralAdministrative": 233000000, "grossProfit": 600000000, "ebit": 249000000, "operatingIncome": 249000000, "otherOperatingExpenses": null, "interestExpense": -43000000, "extraordinaryItems": null, "nonRecurring": null, "otherItems": null, "incomeTaxExpense": 50000000, "totalRevenue": 1927000000, "totalOperatingExpenses": 1678000000, "costOfRevenue": 1327000000, "totalOtherIncomeExpenseNet": -49000000, "discontinuedOperations": null, "netIncomeFromContinuingOps": 150000000, "netIncomeApplicableToCommonShares": 149000000}, "2021-12-31": {"researchDevelopment": 52500000, "effectOfAccountingCharges": null, "incomeBeforeTax": 234800000, "minorityInterest": 38000000, "netIncome": 190200000, "sellingGeneralAdministrative": 268800000, "grossProfit": 665400000, "ebit": 271800000, "operatingIncome": 271800000, "otherOperatingExpenses": null, "interestExpense": -42300000, "extraordinaryItems": null, "nonRecurring": null, "otherItems": null, "incomeTaxExpense": 41500000, "totalRevenue": 2072600000, "totalOperatingExpenses": 1800800000, "costOfRevenue": 1407200000, "totalOtherIncomeExpenseNet": -37000000, "discontinuedOperations": null, "netIncomeFromContinuingOps": 193300000, "netIncomeApplicableToCommonShares": 188900000}, "2021-09-30": {"researchDevelopment": 43800000, "effectOfAccountingCharges": null, "incomeBeforeTax": 175300000, "minorityInterest": 34600000, "netIncome": 130600000, "sellingGeneralAdministrative": 255100000, "grossProfit": 625300000, "ebit": 253900000, "operatingIncome": 253900000, "otherOperatingExpenses": null, "interestExpense": -42200000, "extraordinaryItems": null, "nonRecurring": null, "otherItems": null, "incomeTaxExpense": 43500000, "totalRevenue": 1906900000, "totalOperatingExpenses": 1653000000, "costOfRevenue": 1281600000, "totalOtherIncomeExpenseNet": -78600000, "discontinuedOperations": null, "netIncomeFromContinuingOps": 131800000, "netIncomeApplicableToCommonShares": 130400000}}}, "cash": {"annual": {"2021-12-31": {"changeToLiabilities": 109000000, "totalCashflowsFromInvestingActivities": -540000000, "netBorrowings": -161000000, "totalCashFromFinancingActivities": -653000000, "changeToOperatingActivities": -51000000, "netIncome": 558000000, "changeInCash": -126000000, "repurchaseOfStock": -300000000, "effectOfExchangeRate": -6000000, "totalCashFromOperatingActivities": 1073000000, "depreciation": 441000000, "dividendsPaid": -92000000, "changeToInventory": -41000000, "changeToAccountReceivables": -76000000, "otherCashflowsFromFinancingActivities": -100000000, "changeToNetincome": 137000000, "capitalExpenditures": -130000000}, "2020-12-31": {"changeToLiabilities": -269000000, "totalCashflowsFromInvestingActivities": -155000000, "netBorrowings": -199000000, "totalCashFromFinancingActivities": -619000000, "changeToOperatingActivities": -356000000, "netIncome": 414000000, "changeInCash": -5000000, "repurchaseOfStock": -207000000, "effectOfExchangeRate": -15000000, "totalCashFromOperatingActivities": 784000000, "depreciation": 385000000, "dividendsPaid": -93000000, "changeToInventory": 181000000, "changeToAccountReceivables": 315000000, "otherCashflowsFromFinancingActivities": -120000000, "changeToNetincome": 57000000, "capitalExpenditures": -136000000}, "2019-12-31": {"changeToLiabilities": -144000000, "totalCashflowsFromInvestingActivities": -3178000000, "netBorrowings": 558000000, "totalCashFromFinancingActivities": 461000000, "changeToOperatingActivities": 214000000, "netIncome": 327000000, "changeInCash": -1738000000, "repurchaseOfStock": -207000000, "effectOfExchangeRate": -37000000, "totalCashFromOperatingActivities": 1016000000, "depreciation": 319000000, "dividendsPaid": -82000000, "changeToInventory": 256000000, "changeToAccountReceivables": -6000000, "otherCashflowsFromFinancingActivities": -15000000, "changeToNetincome": 39000000, "capitalExpenditures": -186000000}, "2018-12-31": {"changeToLiabilities": 48800000, "totalCashflowsFromInvestingActivities": -147300000, "netBorrowings": 2026700000, "totalCashFromFinancingActivities": 1978100000, "changeToOperatingActivities": -400000, "netIncome": 294900000, "changeInCash": 2108900000, "repurchaseOfStock": -207000000, "effectOfExchangeRate": -36600000, "totalCashFromOperatingActivities": 314700000, "depreciation": 109300000, "otherCashflowsFromInvestingActivities": -14100000, "dividendsPaid": -46300000, "changeToInventory": -108900000, "changeToAccountReceivables": -54600000, "otherCashflowsFromFinancingActivities": -2300000, "changeToNetincome": 17700000, "capitalExpenditures": -93300000}}, "quarterly": {"2022-06-30": {"changeToLiabilities": 137000000, "totalCashflowsFromInvestingActivities": -99000000, "netBorrowings": 5000000, "totalCashFromFinancingActivities": -123000000, "changeToOperatingActivities": -8000000, "netIncome": 166000000, "changeInCash": 13000000, "repurchaseOfStock": -103000000, "effectOfExchangeRate": -28000000, "totalCashFromOperatingActivities": 263000000, "depreciation": 105000000, "dividendsPaid": -27000000, "changeToInventory": -119000000, "changeToAccountReceivables": -48000000, "otherCashflowsFromFinancingActivities": 2000000, "changeToNetincome": 14000000, "capitalExpenditures": -30000000}, "2022-03-31": {"changeToLiabilities": 48000000, "totalCashflowsFromInvestingActivities": -18000000, "netBorrowings": 195000000, "totalCashFromFinancingActivities": -133000000, "changeToOperatingActivities": -131000000, "netIncome": 149000000, "changeInCash": 15000000, "repurchaseOfStock": -296000000, "effectOfExchangeRate": 5000000, "totalCashFromOperatingActivities": 161000000, "depreciation": 110000000, "dividendsPaid": -28000000, "changeToInventory": -137000000, "changeToAccountReceivables": 93000000, "otherCashflowsFromFinancingActivities": -4000000, "changeToNetincome": 13000000, "capitalExpenditures": -20000000}, "2021-12-31": {"changeToLiabilities": 67900000, "totalCashflowsFromInvestingActivities": -64700000, "netBorrowings": 1700000, "totalCashFromFinancingActivities": -219700000, "changeToOperatingActivities": 7700000, "netIncome": 190200000, "changeInCash": 16300000, "repurchaseOfStock": -99700000, "effectOfExchangeRate": -13000000, "totalCashFromOperatingActivities": 313700000, "depreciation": 108600000, "dividendsPaid": -23100000, "changeToInventory": -8700000, "changeToAccountReceivables": -110900000, "otherCashflowsFromFinancingActivities": -98600000, "changeToNetincome": 91800000, "capitalExpenditures": -51500000}, "2021-09-30": {"changeToLiabilities": -41300000, "totalCashflowsFromInvestingActivities": -22900000, "netBorrowings": -1100000, "totalCashFromFinancingActivities": -220800000, "changeToOperatingActivities": -3600000, "netIncome": 130600000, "changeInCash": 2900000, "repurchaseOfStock": -199100000, "effectOfExchangeRate": 2700000, "totalCashFromOperatingActivities": 243900000, "depreciation": 106000000, "dividendsPaid": -23000000, "changeToInventory": -40100000, "changeToAccountReceivables": 63700000, "otherCashflowsFromFinancingActivities": 2400000, "changeToNetincome": 18300000, "capitalExpenditures": -23000000}}}}, "TXT": {"balance": {"annual": {"2022-01-01": {"capitalSurplus": 1863000000, "totalLiab": 9012000000, "totalStockholderEquity": 6815000000, "otherCurrentLiab": 1811000000, "totalAssets": 15827000000, "commonStock": 28000000, "otherCurrentAssets": 301000000, "retainedEarnings": 5870000000, "otherLiab": 1680000000, "goodWill": 2149000000, "treasuryStock": -946000000, "otherAssets": 2653000000, "cash": 1922000000, "totalCurrentLiabilities": 3399000000, "shortLongTermDebt": 6000000, "otherStockholderEquity": -789000000, "propertyPlantEquipment": 2912000000, "totalCurrentAssets": 8046000000, "netTangibleAssets": 4666000000, "netReceivables": 1555000000, "longTermDebt": 3179000000, "inventory": 3468000000, "accountsPayable": 786000000}, "2021-01-02": {"capitalSurplus": 1785000000, "totalLiab": 9598000000, "totalStockholderEquity": 5845000000, "otherCurrentLiab": 1557000000, "totalAssets": 15443000000, "commonStock": 29000000, "otherCurrentAssets": 389000000, "retainedEarnings": 5973000000, "otherLiab": 2051000000, "goodWill": 2157000000, "treasuryStock": -1942000000, "otherAssets": 2087000000, "cash": 2146000000, "totalCurrentLiabilities": 3270000000, "shortLongTermDebt": 509000000, "otherStockholderEquity": -1739000000, "propertyPlantEquipment": 2865000000, "totalCurrentAssets": 8248000000, "netTangibleAssets": 3688000000, "netReceivables": 1348000000, "longTermDebt": 3198000000, "inventory": 3513000000, "accountsPayable": 776000000}, "2020-01-04": {"capitalSurplus": 1674000000, "totalLiab": 9500000000, "totalStockholderEquity": 5518000000, "otherCurrentLiab": 1497000000, "totalAssets": 15018000000, "commonStock": 29000000, "otherCurrentAssets": 327000000, "retainedEarnings": 5682000000, "otherLiab": 2055000000, "goodWill": 2150000000, "treasuryStock": -1867000000, "otherAssets": 2035000000, "cash": 1181000000, "totalCurrentLiabilities": 3846000000, "shortLongTermDebt": 559000000, "otherStockholderEquity": -1847000000, "propertyPlantEquipment": 2804000000, "totalCurrentAssets": 7923000000, "netTangibleAssets": 3368000000, "netReceivables": 1488000000, "longTermDebt": 2523000000, "inventory": 4069000000, "accountsPayable": 1378000000}, "2018-12-29": {"capitalSurplus": 1646000000, "totalLiab": 9072000000, "totalStockholderEquity": 5192000000, "otherCurrentLiab": 1768000000, "totalAssets": 14264000000, "commonStock": 30000000, "otherCurrentAssets": 324000000, "retainedEarnings": 5407000000, "otherLiab": 1932000000, "goodWill": 2218000000, "treasuryStock": -1891000000, "otherAssets": 1800000000, "cash": 987000000, "totalCurrentLiabilities": 3506000000, "shortLongTermDebt": 258000000, "otherStockholderEquity": -1762000000, "propertyPlantEquipment": 2615000000, "totalCurrentAssets": 7494000000, "netTangibleAssets": 2974000000, "netReceivables": 1485000000, "longTermDebt": 2808000000, "inventory": 3818000000, "accountsPayable": 1099000000}}, "quarterly": {"2022-07-02": {"capitalSurplus": 1953000000, "totalLiab": 9078000000, "totalStockholderEquity": 6801000000, "otherCurrentLiab": 2604000000, "totalAssets": 15879000000, "commonStock": 28000000, "otherCurrentAssets": 329000000, "retainedEarnings": 6271000000, "otherLiab": 1646000000, "goodWill": 2278000000, "treasuryStock": -1451000000, "otherAssets": 2754000000, "cash": 1764000000, "totalCurrentLiabilities": 3474000000, "shortLongTermDebt": 7000000, "otherStockholderEquity": -855000000, "propertyPlantEquipment": 2828000000, "totalCurrentAssets": 7989000000, "netTangibleAssets": 4523000000, "netReceivables": 1519000000, "longTermDebt": 3177000000, "inventory": 3739000000, "accountsPayable": 807000000}, "2022-04-02": {"capitalSurplus": 1924000000, "totalLiab": 8994000000, "totalStockholderEquity": 6917000000, "otherCurrentLiab": 2451000000, "totalAssets": 15911000000, "commonStock": 28000000, "otherCurrentAssets": 301000000, "retainedEarnings": 6058000000, "otherLiab": 1595000000, "goodWill": 2147000000, "treasuryStock": -1093000000, "otherAssets": 2658000000, "cash": 1978000000, "totalCurrentLiabilities": 3337000000, "shortLongTermDebt": 7000000, "otherStockholderEquity": -779000000, "propertyPlantEquipment": 2855000000, "totalCurrentAssets": 8222000000, "netTangibleAssets": 4770000000, "netReceivables": 1554000000, "longTermDebt": 3178000000, "inventory": 3663000000, "accountsPayable": 823000000}, "2022-01-01": {"capitalSurplus": 1863000000, "totalLiab": 9012000000, "totalStockholderEquity": 6815000000, "otherCurrentLiab": 1811000000, "totalAssets": 15827000000, "commonStock": 28000000, "otherCurrentAssets": 301000000, "retainedEarnings": 5870000000, "otherLiab": 1680000000, "goodWill": 2149000000, "treasuryStock": -946000000, "otherAssets": 2653000000, "cash": 1922000000, "totalCurrentLiabilities": 3399000000, "shortLongTermDebt": 6000000, "otherStockholderEquity": -789000000, "propertyPlantEquipment": 2912000000, "totalCurrentAssets": 8046000000, "netTangibleAssets": 4666000000, "netReceivables": 1555000000, "longTermDebt": 3179000000, "inventory": 3468000000, "accountsPayable": 786000000}, "2021-10-02": {"capitalSurplus": 1969000000, "totalLiab": 9232000000, "totalStockholderEquity": 6037000000, "otherCurrentLiab": 2212000000, "totalAssets": 15269000000, "commonStock": 29000000, "otherCurrentAssets": 890000000, "retainedEarnings": 6498000000, "otherLiab": 1956000000, "goodWill": 2152000000, "treasuryStock": -2459000000, "otherAssets": 2080000000, "cash": 1969000000, "totalCurrentLiabilities": 3052000000, "shortLongTermDebt": 7000000, "otherStockholderEquity": -1670000000, "propertyPlantEquipment": 2857000000, "totalCurrentAssets": 8111000000, "netTangibleAssets": 3885000000, "netReceivables": 773000000, "longTermDebt": 3180000000, "inventory": 3670000000, "accountsPayable": 775000000}}}, "income": {"annual": {"2022-01-01": {"researchDevelopment": null, "effectOfAccountingCharges": null, "incomeBeforeTax": 873000000, "minorityInterest": null, "netIncome": 746000000, "sellingGeneralAdministrative": 1062000000, "grossProfit": 2067000000, "ebit": 1005000000, "operatingIncome": 1005000000, "otherOperatingExpenses": null, "interestExpense": -124000000, "extraordinaryItems": null, "nonRecurring": null, "otherItems": null, "incomeTaxExpense": 126000000, "totalRevenue": 12382000000, "totalOperatingExpenses": 11377000000, "costOfRevenue": 10315000000, "totalOtherIncomeExpenseNet": -132000000, "discontinuedOperations": -1000000, "netIncomeFromContinuingOps": 747000000, "netIncomeApplicableToCommonShares": 746000000}, "2021-01-02": {"researchDevelopment": null, "effectOfAccountingCharges": null, "incomeBeforeTax": 282000000, "minorityInterest": null, "netIncome": 309000000, "sellingGeneralAdministrative": 962000000, "grossProfit": 1591000000, "ebit": 629000000, "operatingIncome": 629000000, "otherOperatingExpenses": null, "interestExpense": -145000000, "extraordinaryItems": null, "nonRecurring": null, "otherItems": null, "incomeTaxExpense": -27000000, "totalRevenue": 11651000000, "totalOperatingExpenses": 11022000000, "costOfRevenue": 10060000000, "totalOtherIncomeExpenseNet": -347000000, "discontinuedOperations": -1000000, "netIncomeFromContinuingOps": 309000000, "netIncomeApplicableToCommonShares": 309000000}, "2020-01-04": {"researchDevelopment": null, "effectOfAccountingCharges": null, "incomeBeforeTax": 942000000, "minorityInterest": null, "netIncome": 815000000, "sellingGeneralAdministrative": 1039000000, "grossProfit": 2199000000, "ebit": 1160000000, "operatingIncome": 1160000000, "otherOperatingExpenses": null, "interestExpense": -146000000, "extraordinaryItems": null, "nonRecurring": null, "otherItems": null, "incomeTaxExpense": 127000000, "totalRevenue": 13630000000, "totalOperatingExpenses": 12470000000, "costOfRevenue": 11431000000, "totalOtherIncomeExpenseNet": -218000000, "discontinuedOperations": -1000000, "netIncomeFromContinuingOps": 815000000, "netIncomeApplicableToCommonShares": 815000000}, "2018-12-29": {"researchDevelopment": null, "effectOfAccountingCharges": null, "incomeBeforeTax": 1384000000, "minorityInterest": null, "netIncome": 1222000000, "sellingGeneralAdministrative": 1199000000, "grossProfit": 2347000000, "ebit": 1148000000, "operatingIncome": 1148000000, "otherOperatingExpenses": null, "interestExpense": -135000000, "extraordinaryItems": null, "nonRecurring": null, "otherItems": null, "incomeTaxExpense": 162000000, "totalRevenue": 13972000000, "totalOperatingExpenses": 12824000000, "costOfRevenue": 11625000000, "totalOtherIncomeExpenseNet": 236000000, "discontinuedOperations": -1000000, "netIncomeFromContinuingOps": 1222000000, "netIncomeApplicableToCommonShares": 1222000000}}, "quarterly": {"2022-07-02": {"researchDevelopment": null, "effectOfAccountingCharges": null, "incomeBeforeTax": 263000000, "minorityInterest": null, "netIncome": 217000000, "sellingGeneralAdministrative": 218000000, "grossProfit": 509000000, "ebit": 291000000, "operatingIncome": 291000000, "otherOperatingExpenses": null, "interestExpense": -28000000, "extraordinaryItems": null, "nonRecurring": null, "otherItems": null, "incomeTaxExpense": 45000000, "totalRevenue": 3154000000, "totalOperatingExpenses": 2863000000, "costOfRevenue": 2645000000, "totalOtherIncomeExpenseNet": -28000000, "discontinuedOperations": -1000000, "netIncomeFromContinuingOps": 218000000, "netIncomeApplicableToCommonShares": 217000000}, "2022-04-02": {"researchDevelopment": null, "effectOfAccountingCharges": null, "incomeBeforeTax": 232000000, "minorityInterest": null, "netIncome": 193000000, "sellingGeneralAdministrative": 244000000, "grossProfit": 504000000, "ebit": 260000000, "operatingIncome": 260000000, "otherOperatingExpenses": null, "interestExpense": -28000000, "extraordinaryItems": null, "nonRecurring": null, "otherItems": null, "incomeTaxExpense": 39000000, "totalRevenue": 3001000000, "totalOperatingExpenses": 2741000000, "costOfRevenue": 2497000000, "totalOtherIncomeExpenseNet": -28000000, "discontinuedOperations": -1000000, "netIncomeFromContinuingOps": 193000000, "netIncomeApplicableToCommonShares": 193000000}, "2022-01-01": {"researchDevelopment": null, "effectOfAccountingCharges": null, "incomeBeforeTax": 247000000, "minorityInterest": null, "netIncome": 207000000, "sellingGeneralAdministrative": 286000000, "grossProfit": 567000000, "ebit": 281000000, "operatingIncome": 281000000, "otherOperatingExpenses": null, "interestExpense": -29000000, "extraordinaryItems": null, "nonRecurring": null, "otherItems": null, "incomeTaxExpense": 40000000, "totalRevenue": 3322000000, "totalOperatingExpenses": 3041000000, "costOfRevenue": 2755000000, "totalOtherIncomeExpenseNet": -34000000, "discontinuedOperations": -1000000, "netIncomeFromContinuingOps": 207000000, "netIncomeApplicableToCommonShares": 207000000}, "2021-10-02": {"researchDevelopment": null, "effectOfAccountingCharges": null, "incomeBeforeTax": 218000000, "minorityInterest": null, "netIncome": 185000000, "sellingGeneralAdministrative": 243000000, "grossProfit": 499000000, "ebit": 256000000, "operatingIncome": 256000000, "otherOperatingExpenses": null, "interestExpense": -28000000, "extraordinaryItems": null, "nonRecurring": null, "otherItems": null, "incomeTaxExpense": 33000000, "totalRevenue": 2990000000, "totalOperatingExpenses": 2734000000, "costOfRevenue": 2491000000, "totalOtherIncomeExpenseNet": -38000000, "discontinuedOperations": -1000000, "netIncomeFromContinuingOps": 185000000, "netIncomeApplicableToCommonShares": 185000000}}}, "cash": {"annual": {"2022-01-01": {"changeToLiabilities": 13000000, "totalCashflowsFromInvestingActivities": -281000000, "netBorrowings": -621000000, "totalCashFromFinancingActivities": -1446000000, "changeToOperatingActivities": 342000000, "issuanceOfStock": 116000000, "netIncome": 746000000, "changeInCash": -137000000, "repurchaseOfStock": -921000000, "effectOfExchangeRate": -8000000, "totalCashFromOperatingActivities": 1598000000, "depreciation": 390000000, "otherCashflowsFromInvestingActivities": 37000000, "dividendsPaid": -18000000, "changeToInventory": 45000000, "changeToAccountReceivables": -58000000, "otherCashflowsFromFinancingActivities": -2000000, "changeToNetincome": 109000000, "capitalExpenditures": -375000000}, "2021-01-02": {"changeToLiabilities": -613000000, "totalCashflowsFromInvestingActivities": -248000000, "netBorrowings": 544000000, "totalCashFromFinancingActivities": 360000000, "changeToOperatingActivities": -43000000, "issuanceOfStock": 22000000, "netIncome": 309000000, "changeInCash": 897000000, "repurchaseOfStock": -183000000, "effectOfExchangeRate": 17000000, "totalCashFromOperatingActivities": 768000000, "depreciation": 391000000, "otherCashflowsFromInvestingActivities": 62000000, "dividendsPaid": -18000000, "changeToInventory": 434000000, "changeToAccountReceivables": 149000000, "otherCashflowsFromFinancingActivities": -5000000, "changeToNetincome": 203000000, "capitalExpenditures": -317000000}, "2020-01-04": {"changeToLiabilities": 280000000, "totalCashflowsFromInvestingActivities": -266000000, "netBorrowings": -2000000, "totalCashFromFinancingActivities": -502000000, "changeToOperatingActivities": -402000000, "issuanceOfStock": 24000000, "netIncome": 815000000, "changeInCash": 250000000, "repurchaseOfStock": -503000000, "effectOfExchangeRate": 4000000, "totalCashFromOperatingActivities": 1014000000, "depreciation": 416000000, "otherCashflowsFromInvestingActivities": 27000000, "dividendsPaid": -18000000, "changeToInventory": -292000000, "changeToAccountReceivables": 99000000, "otherCashflowsFromFinancingActivities": -3000000, "changeToNetincome": 181000000, "capitalExpenditures": -339000000}, "2018-12-29": {"changeToLiabilities": -63000000, "totalCashflowsFromInvestingActivities": 620000000, "netBorrowings": -131000000, "totalCashFromFinancingActivities": -1864000000, "changeToOperatingActivities": -303000000, "issuanceOfStock": 74000000, "netIncome": 1222000000, "changeInCash": -155000000, "repurchaseOfStock": -1783000000, "effectOfExchangeRate": -18000000, "totalCashFromOperatingActivities": 1107000000, "depreciation": 437000000, "otherCashflowsFromInvestingActivities": 178000000, "dividendsPaid": -20000000, "changeToInventory": 41000000, "changeToAccountReceivables": 50000000, "otherCashflowsFromFinancingActivities": -4000000, "changeToNetincome": -244000000, "capitalExpenditures": -369000000}}, "quarterly": {"2022-07-02": {"changeToLiabilities": -14000000, "totalCashflowsFromInvestingActivities": -232000000, "netBorrowings": -121000000, "totalCashFromFinancingActivities": -404000000, "changeToOperatingActivities": 378000000, "netIncome": 217000000, "changeInCash": -285000000, "repurchaseOfStock": -282000000, "effectOfExchangeRate": -25000000, "totalCashFromOperatingActivities": 376000000, "depreciation": 98000000, "otherCashflowsFromInvestingActivities": 24000000, "dividendsPaid": -4000000, "changeToInventory": -70000000, "changeToAccountReceivables": -85000000, "otherCashflowsFromFinancingActivities": 3000000, "changeToNetincome": -148000000, "capitalExpenditures": -66000000}, "2022-04-02": {"changeToLiabilities": 38000000, "totalCashflowsFromInvestingActivities": 28000000, "netBorrowings": -121000000, "totalCashFromFinancingActivities": -258000000, "changeToOperatingActivities": -1000000, "issuanceOfStock": 28000000, "netIncome": 193000000, "changeInCash": 9000000, "repurchaseOfStock": -157000000, "effectOfExchangeRate": -2000000, "totalCashFromOperatingActivities": 241000000, "depreciation": 93000000, "otherCashflowsFromInvestingActivities": 45000000, "dividendsPaid": -5000000, "changeToInventory": -176000000, "changeToAccountReceivables": 37000000, "otherCashflowsFromFinancingActivities": -3000000, "changeToNetincome": -14000000, "capitalExpenditures": -48000000}, "2022-01-01": {"changeToLiabilities": 12000000, "totalCashflowsFromInvestingActivities": -154000000, "netBorrowings": -6000000, "totalCashFromFinancingActivities": -334000000, "changeToOperatingActivities": -60000000, "issuanceOfStock": 11000000, "netIncome": 207000000, "changeInCash": -65000000, "repurchaseOfStock": -335000000, "effectOfExchangeRate": -2000000, "totalCashFromOperatingActivities": 425000000, "depreciation": 105000000, "otherCashflowsFromInvestingActivities": 17000000, "dividendsPaid": -4000000, "changeToInventory": 209000000, "changeToAccountReceivables": -66000000, "otherCashflowsFromFinancingActivities": -3000000, "changeToNetincome": 33000000, "capitalExpenditures": -171000000}, "2021-10-02": {"changeToLiabilities": -187000000, "totalCashflowsFromInvestingActivities": -62000000, "netBorrowings": -62000000, "totalCashFromFinancingActivities": -338000000, "changeToOperatingActivities": 230000000, "issuanceOfStock": 105000000, "netIncome": 185000000, "changeInCash": -6000000, "repurchaseOfStock": -299000000, "effectOfExchangeRate": -7000000, "totalCashFromOperatingActivities": 401000000, "depreciation": 97000000, "otherCashflowsFromInvestingActivities": 14000000, "dividendsPaid": -5000000, "changeToInventory": -2000000, "changeToAccountReceivables": 46000000, "otherCashflowsFromFinancingActivities": -77000000, "changeToNetincome": 14000000, "capitalExpenditures": -76000000}}}}, "BWA": {"balance": {"annual": {"2021-12-31": {"intangibleAssets": 1091000000, "capitalSurplus": 2637000000, "totalLiab": 9313000000, "totalStockholderEquity": 6948000000, "minorityInterest": 314000000, "otherCurrentLiab": 851000000, "totalAssets": 16575000000, "commonStock": 3000000, "otherCurrentAssets": 216000000, "retainedEarnings": 6671000000, "otherLiab": 1102000000, "goodWill": 3279000000, "treasuryStock": -2363000000, "otherAssets": 600000000, "cash": 1841000000, "totalCurrentLiabilities": 3798000000, "deferredLongTermAssetCharges": 254000000, "shortLongTermDebt": 2000000, "otherStockholderEquity": -551000000, "propertyPlantEquipment": 4580000000, "totalCurrentAssets": 6597000000, "longTermInvestments": 428000000, "netTangibleAssets": 2578000000, "netReceivables": 2915000000, "longTermDebt": 4250000000, "inventory": 1534000000, "accountsPayable": 2276000000}, "2020-12-31": {"intangibleAssets": 1096000000, "capitalSurplus": 2614000000, "totalLiab": 9305000000, "totalStockholderEquity": 6428000000, "minorityInterest": 296000000, "otherCurrentLiab": 882000000, "totalAssets": 16029000000, "commonStock": 3000000, "otherCurrentAssets": 199000000, "retainedEarnings": 6296000000, "otherLiab": 1585000000, "goodWill": 2627000000, "treasuryStock": -2485000000, "otherAssets": 568000000, "cash": 1650000000, "totalCurrentLiabilities": 3810000000, "deferredLongTermAssetCharges": 291000000, "shortLongTermDebt": 2000000, "otherStockholderEquity": -651000000, "propertyPlantEquipment": 4802000000, "totalCurrentAssets": 6167000000, "longTermInvestments": 769000000, "netTangibleAssets": 2705000000, "netReceivables": 2935000000, "longTermDebt": 3726000000, "inventory": 1286000000, "accountsPayable": 2352000000}, "2019-12-31": {"intangibleAssets": 402000000, "capitalSurplus": 1145000000, "totalLiab": 4858000000, "totalStockholderEquity": 4706000000, "minorityInterest": 138000000, "otherCurrentLiab": 340000000, "totalAssets": 9702000000, "commonStock": 3000000, "otherCurrentAssets": 160000000, "retainedEarnings": 5942000000, "otherLiab": 788000000, "goodWill": 1842000000, "treasuryStock": -2384000000, "otherAssets": 296000000, "cash": 832000000, "totalCurrentLiabilities": 2329000000, "deferredLongTermAssetCharges": 79000000, "shortLongTermDebt": 252000000, "otherStockholderEquity": -727000000, "propertyPlantEquipment": 3010000000, "totalCurrentAssets": 3836000000, "longTermInvestments": 316000000, "netTangibleAssets": 2462000000, "netReceivables": 1931000000, "longTermDebt": 1674000000, "inventory": 807000000, "accountsPayable": 1325000000}, "2018-12-31": {"intangibleAssets": 439000000, "capitalSurplus": 1146000000, "totalLiab": 5750000000, "totalStockholderEquity": 4226000000, "minorityInterest": 119000000, "otherCurrentLiab": 363000000, "totalAssets": 10095000000, "commonStock": 3000000, "otherCurrentAssets": 173000000, "retainedEarnings": 5336000000, "otherLiab": 1410000000, "goodWill": 1853000000, "treasuryStock": -2259000000, "otherAssets": 842000000, "cash": 739000000, "totalCurrentLiabilities": 2399000000, "deferredLongTermAssetCharges": 198000000, "shortLongTermDebt": 140000000, "otherStockholderEquity": -674000000, "propertyPlantEquipment": 2904000000, "totalCurrentAssets": 3805000000, "longTermInvestments": 252000000, "netTangibleAssets": 1934000000, "netReceivables": 2028000000, "longTermDebt": 1941000000, "inventory": 781000000, "accountsPayable": 1485000000}}, "quarterly": {"2022-06-30": {"intangibleAssets": 1083000000, "capitalSurplus": 2633000000, "totalLiab": 8973000000, "totalStockholderEquity": 6889000000, "minorityInterest": 282000000, "otherCurrentLiab": 769000000, "totalAssets": 16144000000, "commonStock": 3000000, "otherCurrentAssets": 212000000, "retainedEarnings": 7005000000, "otherLiab": 1019000000, "goodWill": 3284000000, "treasuryStock": -2752000000, "otherAssets": 607000000, "cash": 1390000000, "totalCurrentLiabilities": 3651000000, "deferredLongTermAssetCharges": 229000000, "shortLongTermDebt": 4000000, "otherStockholderEquity": -816000000, "propertyPlantEquipment": 4327000000, "totalCurrentAssets": 6480000000, "longTermInvestments": 363000000, "netTangibleAssets": 2522000000, "netReceivables": 3152000000, "longTermDebt": 4156000000, "inventory": 1653000000, "accountsPayable": 2298000000}, "2022-03-31": {"intangibleAssets": 1147000000, "capitalSurplus": 2617000000, "totalLiab": 9340000000, "totalStockholderEquity": 7050000000, "minorityInterest": 288000000, "otherCurrentLiab": 823000000, "totalAssets": 16678000000, "commonStock": 3000000, "otherCurrentAssets": 213000000, "retainedEarnings": 6830000000, "otherLiab": 1105000000, "goodWill": 3388000000, "treasuryStock": -2400000000, "otherAssets": 617000000, "cash": 1501000000, "totalCurrentLiabilities": 3859000000, "deferredLongTermAssetCharges": 270000000, "shortLongTermDebt": 4000000, "otherStockholderEquity": -564000000, "propertyPlantEquipment": 4521000000, "totalCurrentAssets": 6640000000, "longTermInvestments": 365000000, "netTangibleAssets": 2515000000, "netReceivables": 3185000000, "longTermDebt": 4223000000, "inventory": 1644000000, "accountsPayable": 2465000000}, "2021-12-31": {"intangibleAssets": 1091000000, "capitalSurplus": 2637000000, "totalLiab": 9313000000, "totalStockholderEquity": 6948000000, "minorityInterest": 314000000, "otherCurrentLiab": 851000000, "totalAssets": 16575000000, "commonStock": 3000000, "otherCurrentAssets": 216000000, "retainedEarnings": 6671000000, "otherLiab": 1102000000, "goodWill": 3279000000, "treasuryStock": -2363000000, "otherAssets": 600000000, "cash": 1841000000, "totalCurrentLiabilities": 3798000000, "deferredLongTermAssetCharges": 254000000, "shortLongTermDebt": 2000000, "otherStockholderEquity": -551000000, "propertyPlantEquipment": 4580000000, "totalCurrentAssets": 6597000000, "longTermInvestments": 428000000, "netTangibleAssets": 2578000000, "netReceivables": 2915000000, "longTermDebt": 4250000000, "inventory": 1534000000, "accountsPayable": 2276000000}, "2021-09-30": {"intangibleAssets": 1134000000, "capitalSurplus": 2617000000, "totalLiab": 9471000000, "totalStockholderEquity": 6646000000, "minorityInterest": 374000000, "otherCurrentLiab": 906000000, "totalAssets": 16491000000, "commonStock": 3000000, "otherCurrentAssets": 322000000, "retainedEarnings": 6582000000, "otherLiab": 1387000000, "goodWill": 3285000000, "treasuryStock": -2556000000, "otherAssets": 565000000, "cash": 1507000000, "totalCurrentLiabilities": 3637000000, "deferredLongTermAssetCharges": 282000000, "shortLongTermDebt": 10000000, "otherStockholderEquity": -746000000, "propertyPlantEquipment": 4598000000, "totalCurrentAssets": 6462000000, "longTermInvestments": 447000000, "netTangibleAssets": 2227000000, "netReceivables": 2911000000, "longTermDebt": 4288000000, "inventory": 1649000000, "accountsPayable": 2131000000}}}, "income": {"annual": {"2021-12-31": {"researchDevelopment": null, "effectOfAccountingCharges": null, "incomeBeforeTax": 789000000, "minorityInterest": 314000000, "netIncome": 537000000, "sellingGeneralAdministrative": 1415000000, "grossProfit": 2855000000, "ebit": 1449000000, "operatingIncome": 1449000000, "otherOperatingExpenses": -9000000, "interestExpense": -85000000, "extraordinaryItems": null, "nonRecurring": null, "otherItems": null, "incomeTaxExpense": 150000000, "totalRevenue": 14838000000, "totalOperatingExpenses": 13389000000, "costOfRevenue": 11983000000, "totalOtherIncomeExpenseNet": -660000000, "discontinuedOperations": null, "netIncomeFromContinuingOps": 639000000, "netIncomeApplicableToCommonShares": 537000000}, "2020-12-31": {"researchDevelopment": null, "effectOfAccountingCharges": null, "incomeBeforeTax": 964000000, "minorityInterest": 296000000, "netIncome": 500000000, "sellingGeneralAdministrative": 944000000, "grossProfit": 1910000000, "ebit": 970000000, "operatingIncome": 970000000, "otherOperatingExpenses": -4000000, "interestExpense": -73000000, "extraordinaryItems": null, "nonRecurring": null, "otherItems": null, "incomeTaxExpense": 397000000, "totalRevenue": 10165000000, "totalOperatingExpenses": 9195000000, "costOfRevenue": 8255000000, "totalOtherIncomeExpenseNet": -6000000, "discontinuedOperations": null, "netIncomeFromContinuingOps": 567000000, "netIncomeApplicableToCommonShares": 500000000}, "2019-12-31": {"researchDevelopment": null, "effectOfAccountingCharges": null, "incomeBeforeTax": 1265000000, "minorityInterest": 138000000, "netIncome": 746000000, "sellingGeneralAdministrative": 900000000, "grossProfit": 2101000000, "ebit": 1203000000, "operatingIncome": 1203000000, "otherOperatingExpenses": -2000000, "interestExpense": -55000000, "extraordinaryItems": null, "nonRecurring": null, "otherItems": null, "incomeTaxExpense": 468000000, "totalRevenue": 10168000000, "totalOperatingExpenses": 8965000000, "costOfRevenue": 8067000000, "totalOtherIncomeExpenseNet": 62000000, "discontinuedOperations": null, "netIncomeFromContinuingOps": 797000000, "netIncomeApplicableToCommonShares": 746000000}, "2018-12-31": {"researchDevelopment": null, "effectOfAccountingCharges": null, "incomeBeforeTax": 1196000000, "minorityInterest": 119000000, "netIncome": 931000000, "sellingGeneralAdministrative": 936000000, "grossProfit": 2230000000, "ebit": 1298000000, "operatingIncome": 1298000000, "otherOperatingExpenses": -4000000, "interestExpense": -59000000, "extraordinaryItems": null, "nonRecurring": null, "otherItems": null, "incomeTaxExpense": 211000000, "totalRevenue": 10530000000, "totalOperatingExpenses": 9232000000, "costOfRevenue": 8300000000, "totalOtherIncomeExpenseNet": -102000000, "discontinuedOperations": null, "netIncomeFromContinuingOps": 985000000, "netIncomeApplicableToCommonShares": 931000000}}, "quarterly": {"2022-06-30": {"researchDevelopment": null, "effectOfAccountingCharges": null, "incomeBeforeTax": 288000000, "minorityInterest": 282000000, "netIncome": 216000000, "sellingGeneralAdministrative": 385000000, "grossProfit": 712000000, "ebit": 317000000, "operatingIncome": 317000000, "otherOperatingExpenses": 10000000, "interestExpense": -21000000, "extraordinaryItems": null, "nonRecurring": null, "otherItems": null, "incomeTaxExpense": 57000000, "totalRevenue": 3759000000, "totalOperatingExpenses": 3442000000, "costOfRevenue": 3047000000, "totalOtherIncomeExpenseNet": -29000000, "discontinuedOperations": null, "netIncomeFromContinuingOps": 231000000, "netIncomeApplicableToCommonShares": 216000000}, "2022-03-31": {"researchDevelopment": 191000000, "effectOfAccountingCharges": null, "incomeBeforeTax": 315000000, "minorityInterest": 288000000, "netIncome": 200000000, "sellingGeneralAdministrative": 187000000, "grossProfit": 750000000, "ebit": 376000000, "operatingIncome": 376000000, "otherOperatingExpenses": -4000000, "interestExpense": -19000000, "extraordinaryItems": null, "nonRecurring": null, "otherItems": null, "incomeTaxExpense": 91000000, "totalRevenue": 3874000000, "totalOperatingExpenses": 3498000000, "costOfRevenue": 3124000000, "totalOtherIncomeExpenseNet": -61000000, "discontinuedOperations": null, "netIncomeFromContinuingOps": 224000000, "netIncomeApplicableToCommonShares": 200000000}, "2021-12-31": {"researchDevelopment": 191000000, "effectOfAccountingCharges": null, "incomeBeforeTax": 155000000, "minorityInterest": 314000000, "netIncome": 129000000, "sellingGeneralAdministrative": 364000000, "grossProfit": 625000000, "ebit": 260000000, "operatingIncome": 260000000, "otherOperatingExpenses": 1000000, "interestExpense": -1000000, "extraordinaryItems": null, "nonRecurring": null, "otherItems": null, "incomeTaxExpense": 1000000, "totalRevenue": 3655000000, "totalOperatingExpenses": 3395000000, "costOfRevenue": 3030000000, "totalOtherIncomeExpenseNet": -105000000, "discontinuedOperations": null, "netIncomeFromContinuingOps": 154000000, "netIncomeApplicableToCommonShares": 129000000}, "2021-09-30": {"researchDevelopment": 191000000, "effectOfAccountingCharges": null, "incomeBeforeTax": 196000000, "minorityInterest": 374000000, "netIncome": 96000000, "sellingGeneralAdministrative": 333000000, "grossProfit": 650000000, "ebit": 321000000, "operatingIncome": 321000000, "otherOperatingExpenses": -4000000, "interestExpense": -21000000, "extraordinaryItems": null, "nonRecurring": null, "otherItems": null, "incomeTaxExpense": 79000000, "totalRevenue": 3416000000, "totalOperatingExpenses": 3095000000, "costOfRevenue": 2766000000, "totalOtherIncomeExpenseNet": -125000000, "discontinuedOperations": null, "netIncomeFromContinuingOps": 117000000, "netIncomeApplicableToCommonShares": 96000000}}}, "cash": {"annual": {"2021-12-31": {"investments": -20000000, "changeToLiabilities": -134000000, "totalCashflowsFromInvestingActivities": -1395000000, "netBorrowings": 579000000, "totalCashFromFinancingActivities": 286000000, "changeToOperatingActivities": -16000000, "netIncome": 537000000, "changeInCash": 194000000, "effectOfExchangeRate": -3000000, "totalCashFromOperatingActivities": 1306000000, "depreciation": 772000000, "otherCashflowsFromInvestingActivities": 16000000, "dividendsPaid": -162000000, "changeToInventory": -268000000, "changeToAccountReceivables": -59000000, "otherCashflowsFromFinancingActivities": -131000000, "changeToNetincome": 466000000, "capitalExpenditures": -668000000}, "2020-12-31": {"investments": -2000000, "changeToLiabilities": 186000000, "totalCashflowsFromInvestingActivities": -866000000, "netBorrowings": 855000000, "totalCashFromFinancingActivities": 437000000, "changeToOperatingActivities": 99000000, "netIncome": 500000000, "changeInCash": 818000000, "repurchaseOfStock": -216000000, "effectOfExchangeRate": 63000000, "totalCashFromOperatingActivities": 1184000000, "depreciation": 530000000, "otherCashflowsFromInvestingActivities": 30000000, "dividendsPaid": -146000000, "changeToInventory": -28000000, "changeToAccountReceivables": 27000000, "otherCashflowsFromFinancingActivities": -56000000, "changeToNetincome": -165000000, "capitalExpenditures": -461000000}, "2019-12-31": {"investments": -53000000, "changeToLiabilities": -123000000, "totalCashflowsFromInvestingActivities": -489000000, "netBorrowings": -141000000, "totalCashFromFinancingActivities": -420000000, "changeToOperatingActivities": -1000000, "netIncome": 746000000, "changeInCash": 93000000, "repurchaseOfStock": -100000000, "effectOfExchangeRate": -6000000, "totalCashFromOperatingActivities": 1008000000, "depreciation": 439000000, "otherCashflowsFromInvestingActivities": 22000000, "dividendsPaid": -140000000, "changeToInventory": -36000000, "changeToAccountReceivables": 19000000, "otherCashflowsFromFinancingActivities": -39000000, "changeToNetincome": -28000000, "capitalExpenditures": -481000000}, "2018-12-31": {"investments": -6000000, "changeToLiabilities": -76000000, "totalCashflowsFromInvestingActivities": -514000000, "netBorrowings": -41000000, "totalCashFromFinancingActivities": -383000000, "changeToOperatingActivities": -20000000, "netIncome": 931000000, "changeInCash": 194000000, "repurchaseOfStock": -150000000, "effectOfExchangeRate": -35000000, "totalCashFromOperatingActivities": 1126000000, "depreciation": 431000000, "otherCashflowsFromInvestingActivities": 2000000, "dividendsPaid": -142000000, "changeToInventory": -53000000, "changeToAccountReceivables": -43000000, "otherCashflowsFromFinancingActivities": -50000000, "changeToNetincome": 41000000, "capitalExpenditures": -546000000}}, "quarterly": {"2022-06-30": {"changeToLiabilities": -59000000, "totalCashflowsFromInvestingActivities": -134000000, "netBorrowings": -2000000, "totalCashFromFinancingActivities": -153000000, "changeToOperatingActivities": 4000000, "netIncome": 216000000, "changeInCash": -114000000, "repurchaseOfStock": -100000000, "effectOfExchangeRate": -43000000, "totalCashFromOperatingActivities": 216000000, "depreciation": 185000000, "otherCashflowsFromInvestingActivities": 16000000, "dividendsPaid": -41000000, "changeToInventory": -70000000, "changeToAccountReceivables": -71000000, "otherCashflowsFromFinancingActivities": -10000000, "changeToNetincome": 12000000, "capitalExpenditures": -154000000}, "2022-03-31": {"investments": 30000000, "changeToLiabilities": 109000000, "totalCashflowsFromInvestingActivities": -254000000, "netBorrowings": -2000000, "totalCashFromFinancingActivities": -195000000, "changeToOperatingActivities": 4000000, "netIncome": 200000000, "changeInCash": -340000000, "repurchaseOfStock": -40000000, "effectOfExchangeRate": -7000000, "totalCashFromOperatingActivities": 116000000, "depreciation": 180000000, "otherCashflowsFromInvestingActivities": 12000000, "dividendsPaid": -41000000, "changeToInventory": -124000000, "changeToAccountReceivables": -282000000, "otherCashflowsFromFinancingActivities": -112000000, "changeToNetincome": 38000000, "capitalExpenditures": -177000000}, "2021-12-31": {"investments": -5000000, "changeToLiabilities": 97000000, "totalCashflowsFromInvestingActivities": -157000000, "netBorrowings": 12000000, "totalCashFromFinancingActivities": -64000000, "changeToOperatingActivities": 38000000, "netIncome": 129000000, "changeInCash": 334000000, "repurchaseOfStock": -40000000, "effectOfExchangeRate": 13000000, "totalCashFromOperatingActivities": 542000000, "depreciation": 187000000, "otherCashflowsFromInvestingActivities": -10000000, "dividendsPaid": -40000000, "changeToInventory": 114000000, "changeToAccountReceivables": -14000000, "otherCashflowsFromFinancingActivities": -36000000, "changeToNetincome": 4000000, "capitalExpenditures": -172000000}, "2021-09-30": {"investments": -8000000, "changeToLiabilities": -272000000, "totalCashflowsFromInvestingActivities": -139000000, "netBorrowings": 15000000, "totalCashFromFinancingActivities": -59000000, "changeToOperatingActivities": -1000000, "netIncome": 96000000, "changeInCash": -58000000, "repurchaseOfStock": -40000000, "effectOfExchangeRate": -2000000, "totalCashFromOperatingActivities": 142000000, "depreciation": 195000000, "otherCashflowsFromInvestingActivities": 15000000, "dividendsPaid": -41000000, "changeToInventory": -122000000, "changeToAccountReceivables": 113000000, "otherCashflowsFromFinancingActivities": -33000000, "changeToNetincome": 142000000, "capitalExpenditures": -152000000}}}}, "HII": {"balance": {"annual": {"2021-12-31": {"intangibleAssets": 1159000000, "capitalSurplus": 1998000000, "totalLiab": 7819000000, "totalStockholderEquity": 2808000000, "otherCurrentLiab": 983000000, "totalAssets": 10627000000, "commonStock": 1000000, "retainedEarnings": 3891000000, "otherLiab": 1900000000, "goodWill": 2628000000, "treasuryStock": -3082000000, "otherAssets": 615000000, "cash": 627000000, "totalCurrentLiabilities": 2427000000, "otherStockholderEquity": -923000000, "propertyPlantEquipment": 3348000000, "totalCurrentAssets": 2790000000, "longTermInvestments": 87000000, "netTangibleAssets": -979000000, "netReceivables": 1952000000, "longTermDebt": 3298000000, "inventory": 161000000, "accountsPayable": 603000000}, "2020-12-31": {"intangibleAssets": 512000000, "capitalSurplus": 1972000000, "totalLiab": 6256000000, "totalStockholderEquity": 1901000000, "otherCurrentLiab": 917000000, "totalAssets": 8157000000, "commonStock": 1000000, "otherCurrentAssets": 133000000, "retainedEarnings": 3533000000, "otherLiab": 2187000000, "goodWill": 1617000000, "treasuryStock": -3605000000, "otherAssets": 414000000, "cash": 512000000, "totalCurrentLiabilities": 2226000000, "deferredLongTermAssetCharges": 133000000, "otherStockholderEquity": -1547000000, "propertyPlantEquipment": 3170000000, "totalCurrentAssets": 2444000000, "netTangibleAssets": -228000000, "netReceivables": 1617000000, "longTermDebt": 1686000000, "inventory": 137000000, "accountsPayable": 460000000}, "2019-12-31": {"intangibleAssets": 492000000, "capitalSurplus": 1961000000, "totalLiab": 5443000000, "totalStockholderEquity": 1588000000, "otherCurrentLiab": 704000000, "totalAssets": 7031000000, "commonStock": 1000000, "otherCurrentAssets": 95000000, "retainedEarnings": 3009000000, "otherLiab": 2103000000, "goodWill": 1373000000, "treasuryStock": -3383000000, "otherAssets": 348000000, "cash": 75000000, "totalCurrentLiabilities": 1890000000, "deferredLongTermAssetCharges": 108000000, "otherStockholderEquity": -1409000000, "propertyPlantEquipment": 3033000000, "totalCurrentAssets": 1785000000, "netTangibleAssets": -277000000, "netReceivables": 1455000000, "longTermDebt": 1286000000, "inventory": 136000000, "accountsPayable": 497000000}, "2018-12-31": {"intangibleAssets": 492000000, "capitalSurplus": 1954000000, "totalLiab": 4867000000, "totalStockholderEquity": 1516000000, "otherCurrentLiab": 634000000, "totalAssets": 6383000000, "commonStock": 1000000, "otherCurrentAssets": 1000000, "retainedEarnings": 2609000000, "otherLiab": 1755000000, "goodWill": 1263000000, "treasuryStock": -3048000000, "otherAssets": 366000000, "cash": 240000000, "totalCurrentLiabilities": 1829000000, "deferredLongTermAssetCharges": 163000000, "otherStockholderEquity": -1288000000, "propertyPlantEquipment": 2517000000, "totalCurrentAssets": 1745000000, "netTangibleAssets": -239000000, "netReceivables": 1349000000, "longTermDebt": 1283000000, "inventory": 128000000, "accountsPayable": 562000000}}, "quarterly": {"2022-06-30": {"intangibleAssets": 1089000000, "capitalSurplus": 2002000000, "totalLiab": 7634000000, "totalStockholderEquity": 2952000000, "otherCurrentLiab": 1188000000, "totalAssets": 10586000000, "commonStock": 1000000, "retainedEarnings": 4113000000, "otherLiab": 1904000000, "goodWill": 2634000000, "treasuryStock": -3164000000, "otherAssets": 715000000, "cash": 375000000, "totalCurrentLiabilities": 2447000000, "otherStockholderEquity": -978000000, "propertyPlantEquipment": 3328000000, "totalCurrentAssets": 2820000000, "netTangibleAssets": -771000000, "netReceivables": 2175000000, "longTermDebt": 3102000000, "inventory": 196000000, "accountsPayable": 528000000}, "2022-03-31": {"intangibleAssets": 1124000000, "capitalSurplus": 1995000000, "totalLiab": 7735000000, "totalStockholderEquity": 2822000000, "otherCurrentLiab": 1150000000, "totalAssets": 10557000000, "commonStock": 1000000, "retainedEarnings": 3982000000, "otherLiab": 1925000000, "goodWill": 2628000000, "treasuryStock": -3156000000, "otherAssets": 690000000, "cash": 330000000, "totalCurrentLiabilities": 2421000000, "otherStockholderEquity": -987000000, "propertyPlantEquipment": 3329000000, "totalCurrentAssets": 2786000000, "netTangibleAssets": -930000000, "netReceivables": 2191000000, "longTermDebt": 3200000000, "inventory": 188000000, "accountsPayable": 544000000}, "2021-12-31": {"intangibleAssets": 1159000000, "capitalSurplus": 1998000000, "totalLiab": 7819000000, "totalStockholderEquity": 2808000000, "otherCurrentLiab": 983000000, "totalAssets": 10627000000, "commonStock": 1000000, "retainedEarnings": 3891000000, "otherLiab": 1900000000, "goodWill": 2628000000, "treasuryStock": -3082000000, "otherAssets": 615000000, "cash": 627000000, "totalCurrentLiabilities": 2427000000, "otherStockholderEquity": -923000000, "propertyPlantEquipment": 3348000000, "totalCurrentAssets": 2790000000, "longTermInvestments": 87000000, "netTangibleAssets": -979000000, "netReceivables": 1952000000, "longTermDebt": 3298000000, "inventory": 161000000, "accountsPayable": 603000000}, "2021-09-30": {"intangibleAssets": 1187000000, "capitalSurplus": 1984000000, "totalLiab": 8211000000, "totalStockholderEquity": 2189000000, "otherCurrentLiab": 1075000000, "totalAssets": 10400000000, "commonStock": 1000000, "retainedEarnings": 3819000000, "otherLiab": 2248000000, "goodWill": 2684000000, "treasuryStock": -3615000000, "otherAssets": 446000000, "cash": 555000000, "totalCurrentLiabilities": 2444000000, "deferredLongTermAssetCharges": 10000000, "otherStockholderEquity": -1470000000, "propertyPlantEquipment": 3289000000, "totalCurrentAssets": 2794000000, "netTangibleAssets": -1682000000, "netReceivables": 2030000000, "longTermDebt": 3321000000, "inventory": 143000000, "accountsPayable": 508000000}}}, "income": {"annual": {"2021-12-31": {"researchDevelopment": null, "effectOfAccountingCharges": null, "incomeBeforeTax": 622000000, "minorityInterest": null, "netIncome": 544000000, "sellingGeneralAdministrative": 701000000, "grossProfit": 1368000000, "ebit": 668000000, "operatingIncome": 668000000, "otherOperatingExpenses": -1000000, "interestExpense": -89000000, "extraordinaryItems": null, "nonRecurring": null, "otherItems": null, "incomeTaxExpense": 78000000, "totalRevenue": 9524000000, "totalOperatingExpenses": 8856000000, "costOfRevenue": 8156000000, "totalOtherIncomeExpenseNet": -46000000, "discontinuedOperations": null, "netIncomeFromContinuingOps": 544000000, "netIncomeApplicableToCommonShares": 544000000}, "2020-12-31": {"researchDevelopment": null, "effectOfAccountingCharges": null, "incomeBeforeTax": 810000000, "minorityInterest": null, "netIncome": 696000000, "sellingGeneralAdministrative": 785000000, "grossProfit": 1670000000, "ebit": 886000000, "operatingIncome": 886000000, "otherOperatingExpenses": -1000000, "interestExpense": -114000000, "extraordinaryItems": null, "nonRecurring": null, "otherItems": null, "incomeTaxExpense": 114000000, "totalRevenue": 9361000000, "totalOperatingExpenses": 8475000000, "costOfRevenue": 7691000000, "totalOtherIncomeExpenseNet": -76000000, "discontinuedOperations": null, "netIncomeFromContinuingOps": 696000000, "netIncomeApplicableToCommonShares": 696000000}, "2019-12-31": {"researchDevelopment": null, "effectOfAccountingCharges": null, "incomeBeforeTax": 683000000, "minorityInterest": null, "netIncome": 549000000, "sellingGeneralAdministrative": 776000000, "grossProfit": 1531000000, "ebit": 755000000, "operatingIncome": 755000000, "otherOperatingExpenses": -1000000, "interestExpense": -70000000, "extraordinaryItems": null, "nonRecurring": null, "otherItems": null, "incomeTaxExpense": 134000000, "totalRevenue": 8899000000, "totalOperatingExpenses": 8144000000, "costOfRevenue": 7368000000, "totalOtherIncomeExpenseNet": -72000000, "discontinuedOperations": null, "netIncomeFromContinuingOps": 549000000, "netIncomeApplicableToCommonShares": 549000000}, "2018-12-31": {"researchDevelopment": null, "effectOfAccountingCharges": null, "incomeBeforeTax": 971000000, "minorityInterest": null, "netIncome": 836000000, "sellingGeneralAdministrative": 797000000, "grossProfit": 1791000000, "ebit": 1008000000, "operatingIncome": 1008000000, "otherOperatingExpenses": -14000000, "interestExpense": -58000000, "extraordinaryItems": null, "nonRecurring": null, "otherItems": null, "incomeTaxExpense": 135000000, "totalRevenue": 8176000000, "totalOperatingExpenses": 7168000000, "costOfRevenue": 6385000000, "totalOtherIncomeExpenseNet": -37000000, "discontinuedOperations": null, "netIncomeFromContinuingOps": 836000000, "netIncomeApplicableToCommonShares": 836000000}}, "quarterly": {"2022-06-30": {"researchDevelopment": null, "effectOfAccountingCharges": null, "incomeBeforeTax": 222000000, "minorityInterest": null, "netIncome": 178000000, "sellingGeneralAdministrative": 160000000, "grossProfit": 390000000, "ebit": 231000000, "operatingIncome": 231000000, "otherOperatingExpenses": -1000000, "interestExpense": -26000000, "extraordinaryItems": null, "nonRecurring": null, "otherItems": null, "incomeTaxExpense": 44000000, "totalRevenue": 2662000000, "totalOperatingExpenses": 2431000000, "costOfRevenue": 2272000000, "totalOtherIncomeExpenseNet": -9000000, "discontinuedOperations": null, "netIncomeFromContinuingOps": 178000000, "netIncomeApplicableToCommonShares": 178000000}, "2022-03-31": {"researchDevelopment": null, "effectOfAccountingCharges": null, "incomeBeforeTax": 176000000, "minorityInterest": null, "netIncome": 140000000, "sellingGeneralAdministrative": 146000000, "grossProfit": 349000000, "ebit": 202000000, "operatingIncome": 202000000, "otherOperatingExpenses": 1000000, "interestExpense": -26000000, "extraordinaryItems": null, "nonRecurring": null, "otherItems": null, "incomeTaxExpense": 36000000, "totalRevenue": 2576000000, "totalOperatingExpenses": 2374000000, "costOfRevenue": 2227000000, "totalOtherIncomeExpenseNet": -26000000, "discontinuedOperations": null, "netIncomeFromContinuingOps": 140000000, "netIncomeApplicableToCommonShares": 140000000}, "2021-12-31": {"researchDevelopment": null, "effectOfAccountingCharges": null, "incomeBeforeTax": 147000000, "minorityInterest": null, "netIncome": 120000000, "sellingGeneralAdministrative": 216000000, "grossProfit": 373000000, "ebit": 156000000, "operatingIncome": 156000000, "otherOperatingExpenses": 1000000, "interestExpense": -26000000, "extraordinaryItems": null, "nonRecurring": null, "otherItems": null, "incomeTaxExpense": 27000000, "totalRevenue": 2677000000, "totalOperatingExpenses": 2521000000, "costOfRevenue": 2304000000, "totalOtherIncomeExpenseNet": -9000000, "discontinuedOperations": null, "netIncomeFromContinuingOps": 120000000, "netIncomeApplicableToCommonShares": 120000000}, "2021-09-30": {"researchDevelopment": null, "effectOfAccountingCharges": null, "incomeBeforeTax": 141000000, "minorityInterest": null, "netIncome": 147000000, "sellingGeneralAdministrative": 181000000, "grossProfit": 331000000, "ebit": 152000000, "operatingIncome": 152000000, "otherOperatingExpenses": -2000000, "interestExpense": -24000000, "extraordinaryItems": null, "nonRecurring": null, "otherItems": null, "incomeTaxExpense": -6000000, "totalRevenue": 2338000000, "totalOperatingExpenses": 2186000000, "costOfRevenue": 2007000000, "totalOtherIncomeExpenseNet": -11000000, "discontinuedOperations": null, "netIncomeFromContinuingOps": 147000000, "netIncomeApplicableToCommonShares": 147000000}}}, "cash": {"annual": {"2021-12-31": {"investments": -22000000, "changeToLiabilities": 45000000, "totalCashflowsFromInvestingActivities": -1954000000, "netBorrowings": 1625000000, "totalCashFromFinancingActivities": 1309000000, "changeToOperatingActivities": -166000000, "netIncome": 544000000, "changeInCash": 115000000, "repurchaseOfStock": -108000000, "totalCashFromOperatingActivities": 760000000, "depreciation": 293000000, "otherCashflowsFromInvestingActivities": 22000000, "dividendsPaid": -186000000, "changeToInventory": -25000000, "changeToAccountReceivables": -68000000, "otherCashflowsFromFinancingActivities": -22000000, "changeToNetincome": 129000000, "capitalExpenditures": -331000000}, "2020-12-31": {"investments": -22000000, "changeToLiabilities": 344000000, "totalCashflowsFromInvestingActivities": -759000000, "netBorrowings": 400000000, "totalCashFromFinancingActivities": 103000000, "changeToOperatingActivities": -238000000, "netIncome": 696000000, "changeInCash": 437000000, "repurchaseOfStock": -97000000, "totalCashFromOperatingActivities": 1093000000, "depreciation": 247000000, "otherCashflowsFromInvestingActivities": 11000000, "dividendsPaid": -172000000, "changeToInventory": 11000000, "changeToAccountReceivables": -48000000, "otherCashflowsFromFinancingActivities": -28000000, "changeToNetincome": 74000000, "capitalExpenditures": -353000000}, "2019-12-31": {"investments": -22000000, "changeToLiabilities": 4000000, "totalCashflowsFromInvestingActivities": -627000000, "netBorrowings": 400000000, "totalCashFromFinancingActivities": -434000000, "changeToOperatingActivities": -13000000, "netIncome": 549000000, "changeInCash": -165000000, "repurchaseOfStock": -285000000, "totalCashFromOperatingActivities": 896000000, "depreciation": 227000000, "otherCashflowsFromInvestingActivities": 98000000, "dividendsPaid": -149000000, "changeToInventory": -11000000, "changeToAccountReceivables": -19000000, "otherCashflowsFromFinancingActivities": -28000000, "changeToNetincome": 156000000, "capitalExpenditures": -530000000}, "2018-12-31": {"investments": -10000000, "changeToLiabilities": 335000000, "totalCashflowsFromInvestingActivities": -476000000, "netBorrowings": 400000000, "totalCashFromFinancingActivities": -899000000, "changeToOperatingActivities": -494000000, "netIncome": 836000000, "changeInCash": -461000000, "repurchaseOfStock": -767000000, "totalCashFromOperatingActivities": 914000000, "depreciation": 203000000, "otherCashflowsFromInvestingActivities": 61000000, "dividendsPaid": -132000000, "changeToInventory": 40000000, "changeToAccountReceivables": -47000000, "otherCashflowsFromFinancingActivities": -28000000, "changeToNetincome": 37000000, "capitalExpenditures": -463000000}}, "quarterly": {"2022-06-30": {"investments": -5000000, "changeToLiabilities": 8000000, "totalCashflowsFromInvestingActivities": -58000000, "netBorrowings": -100000000, "totalCashFromFinancingActivities": -164000000, "changeToOperatingActivities": 9000000, "netIncome": 178000000, "changeInCash": 45000000, "repurchaseOfStock": -17000000, "totalCashFromOperatingActivities": 267000000, "depreciation": 87000000, "otherCashflowsFromInvestingActivities": 6000000, "dividendsPaid": -47000000, "changeToInventory": -8000000, "changeToAccountReceivables": -27000000, "changeToNetincome": 18000000, "capitalExpenditures": -59000000}, "2022-03-31": {"investments": -5000000, "changeToLiabilities": 0, "totalCashflowsFromInvestingActivities": -43000000, "netBorrowings": -100000000, "totalCashFromFinancingActivities": -171000000, "changeToOperatingActivities": -27000000, "netIncome": 140000000, "changeInCash": -297000000, "repurchaseOfStock": -24000000, "totalCashFromOperatingActivities": -83000000, "depreciation": 87000000, "otherCashflowsFromInvestingActivities": 6000000, "dividendsPaid": -47000000, "changeToInventory": -27000000, "changeToAccountReceivables": -270000000, "changeToNetincome": 12000000, "capitalExpenditures": -43000000}, "2021-12-31": {"investments": -5000000, "changeToLiabilities": -48000000, "totalCashflowsFromInvestingActivities": -112000000, "netBorrowings": -25000000, "totalCashFromFinancingActivities": -87000000, "changeToOperatingActivities": 23000000, "netIncome": 120000000, "changeInCash": 72000000, "repurchaseOfStock": -14000000, "totalCashFromOperatingActivities": 271000000, "depreciation": 91000000, "otherCashflowsFromInvestingActivities": 10000000, "dividendsPaid": -48000000, "changeToInventory": -18000000, "changeToAccountReceivables": 59000000, "changeToNetincome": 42000000, "capitalExpenditures": -115000000}, "2021-09-30": {"investments": -5000000, "changeToLiabilities": 125000000, "totalCashflowsFromInvestingActivities": -1708000000, "netBorrowings": 1650000000, "totalCashFromFinancingActivities": 1565000000, "changeToOperatingActivities": -90000000, "netIncome": 147000000, "changeInCash": 207000000, "repurchaseOfStock": -17000000, "totalCashFromOperatingActivities": 350000000, "depreciation": 74000000, "otherCashflowsFromInvestingActivities": 10000000, "dividendsPaid": -46000000, "changeToInventory": -4000000, "changeToAccountReceivables": 45000000, "otherCashflowsFromFinancingActivities": -22000000, "changeToNetincome": 50000000, "capitalExpenditures": -82000000}}}}}