{"AMCR": {"balance": {"annual": {"2022-06-30": {"intangibleAssets": 1657000000, "capitalSurplus": 4431000000, "totalLiab": 13285000000, "totalStockholderEquity": 4082000000, "minorityInterest": 59000000, "otherCurrentLiab": 1236000000, "totalAssets": 17426000000, "commonStock": 15000000, "otherCurrentAssets": 202000000, "retainedEarnings": 534000000, "otherLiab": 1280000000, "goodWill": 5285000000, "treasuryStock": -898000000, "otherAssets": 425000000, "cash": 775000000, "totalCurrentLiabilities": 5103000000, "deferredLongTermAssetCharges": 130000000, "shortLongTermDebt": 4000000, "otherStockholderEquity": -880000000, "propertyPlantEquipment": 4206000000, "totalCurrentAssets": 5853000000, "netTangibleAssets": -2860000000, "netReceivables": 1935000000, "longTermDebt": 6357000000, "inventory": 2439000000, "accountsPayable": 3138000000}, "2021-06-30": {"intangibleAssets": 1835000000, "capitalSurplus": 5092000000, "totalLiab": 12367000000, "totalStockholderEquity": 4764000000, "minorityInterest": 57000000, "otherCurrentLiab": 1041000000, "totalAssets": 17188000000, "commonStock": 15000000, "otherCurrentAssets": 21000000, "retainedEarnings": 452000000, "otherLiab": 1374000000, "goodWill": 5419000000, "treasuryStock": -795000000, "otherAssets": 371000000, "cash": 850000000, "totalCurrentLiabilities": 4345000000, "deferredLongTermAssetCharges": 139000000, "shortLongTermDebt": 3000000, "otherStockholderEquity": -766000000, "propertyPlantEquipment": 4293000000, "totalCurrentAssets": 5266000000, "longTermInvestments": 4000000, "netTangibleAssets": -2490000000, "netReceivables": 1864000000, "longTermDebt": 6156000000, "inventory": 1991000000, "accountsPayable": 2574000000}, "2020-06-30": {"intangibleAssets": 1994000000, "capitalSurplus": 5480000000, "totalLiab": 11755000000, "totalStockholderEquity": 4626000000, "minorityInterest": 61000000, "otherCurrentLiab": 1024000000, "totalAssets": 16442000000, "commonStock": 16000000, "otherCurrentAssets": 8000000, "retainedEarnings": 246000000, "otherLiab": 1287000000, "goodWill": 5339000000, "treasuryStock": -1116000000, "otherAssets": 324000000, "cash": 743000000, "totalCurrentLiabilities": 3974000000, "deferredLongTermAssetCharges": 135000000, "shortLongTermDebt": 9000000, "otherStockholderEquity": -1049000000, "propertyPlantEquipment": 4140000000, "totalCurrentAssets": 4535000000, "longTermInvestments": 110000000, "netTangibleAssets": -2707000000, "netReceivables": 1616000000, "longTermDebt": 5997000000, "inventory": 1832000000, "accountsPayable": 2171000000}, "2019-06-30": {"intangibleAssets": 2306800000, "capitalSurplus": 6007500000, "totalLiab": 11490300000, "totalStockholderEquity": 5609000000, "minorityInterest": 65700000, "otherCurrentLiab": 1058400000, "totalAssets": 17165000000, "commonStock": 16300000, "otherCurrentAssets": 421200000, "retainedEarnings": 323700000, "otherLiab": 1639500000, "goodWill": 5156000000, "treasuryStock": -738500000, "otherAssets": 385400000, "cash": 601600000, "totalCurrentLiabilities": 4541800000, "deferredLongTermAssetCharges": 190900000, "shortLongTermDebt": 5400000, "otherStockholderEquity": -722400000, "propertyPlantEquipment": 3975000000, "totalCurrentAssets": 5210100000, "longTermInvestments": 131700000, "netTangibleAssets": -1853800000, "netReceivables": 1864300000, "longTermDebt": 5304700000, "inventory": 1953800000, "accountsPayable": 2303400000}}, "quarterly": {"2022-06-30": {"intangibleAssets": 1657000000, "capitalSurplus": 4431000000, "totalLiab": 13285000000, "totalStockholderEquity": 4082000000, "minorityInterest": 59000000, "otherCurrentLiab": 1236000000, "totalAssets": 17426000000, "commonStock": 15000000, "otherCurrentAssets": 202000000, "retainedEarnings": 534000000, "otherLiab": 1280000000, "goodWill": 5285000000, "treasuryStock": -898000000, "otherAssets": 425000000, "cash": 775000000, "totalCurrentLiabilities": 5103000000, "deferredLongTermAssetCharges": 130000000, "shortLongTermDebt": 4000000, "otherStockholderEquity": -880000000, "propertyPlantEquipment": 4206000000, "totalCurrentAssets": 5853000000, "netTangibleAssets": -2860000000, "netReceivables": 1935000000, "longTermDebt": 6357000000, "inventory": 2439000000, "accountsPayable": 3138000000}, "2022-03-31": {"intangibleAssets": 1709000000, "capitalSurplus": 4740000000, "totalStockholderEquity": 4517000000, "minorityInterest": 60000000, "otherCurrentLiab": 1124000000, "commonStock": 15000000, "otherCurrentAssets": 15000000, "retainedEarnings": 604000000, "otherLiab": 1296000000, "goodWill": 5379000000, "treasuryStock": -842000000, "otherAssets": 418000000, "totalCurrentLiabilities": 4424000000, "deferredLongTermAssetCharges": 139000000, "shortLongTermDebt": 15000000, "otherStockholderEquity": -807000000, "propertyPlantEquipment": 4311000000, "totalCurrentAssets": 6170000000, "netTangibleAssets": -2571000000, "longTermDebt": 7220000000}, "2021-12-31": {"intangibleAssets": 1749000000, "capitalSurplus": 4854000000, "totalLiab": 12619000000, "totalStockholderEquity": 4462000000, "minorityInterest": 57000000, "otherCurrentLiab": 1058000000, "totalAssets": 17138000000, "commonStock": 15000000, "otherCurrentAssets": 15000000, "retainedEarnings": 515000000, "otherLiab": 1309000000, "goodWill": 5370000000, "treasuryStock": -922000000, "otherAssets": 392000000, "cash": 626000000, "totalCurrentLiabilities": 4293000000, "deferredLongTermAssetCharges": 125000000, "shortLongTermDebt": 6000000, "otherStockholderEquity": -885000000, "propertyPlantEquipment": 4236000000, "totalCurrentAssets": 5391000000, "netTangibleAssets": -2657000000, "netReceivables": 1889000000, "longTermDebt": 6550000000, "inventory": 2273000000, "accountsPayable": 2743000000}, "2021-09-30": {"intangibleAssets": 1792000000, "capitalSurplus": 5074000000, "totalLiab": 12339000000, "totalStockholderEquity": 4650000000, "minorityInterest": 55000000, "otherCurrentLiab": 1126000000, "totalAssets": 17044000000, "commonStock": 15000000, "otherCurrentAssets": 20000000, "retainedEarnings": 473000000, "otherLiab": 1347000000, "goodWill": 5385000000, "treasuryStock": -912000000, "otherAssets": 367000000, "cash": 633000000, "totalCurrentLiabilities": 4017000000, "deferredLongTermAssetCharges": 136000000, "shortLongTermDebt": 5000000, "otherStockholderEquity": -862000000, "propertyPlantEquipment": 4221000000, "totalCurrentAssets": 5279000000, "netTangibleAssets": -2527000000, "netReceivables": 1938000000, "longTermDebt": 6524000000, "inventory": 2113000000, "accountsPayable": 2412000000}}}, "income": {"annual": {"2022-06-30": {"researchDevelopment": 96000000, "effectOfAccountingCharges": null, "incomeBeforeTax": 1115000000, "minorityInterest": 59000000, "netIncome": 805000000, "sellingGeneralAdministrative": 1271000000, "grossProfit": 2820000000, "ebit": 1477000000, "operatingIncome": 1477000000, "otherOperatingExpenses": -24000000, "interestExpense": -159000000, "extraordinaryItems": null, "nonRecurring": null, "otherItems": null, "incomeTaxExpense": 300000000, "totalRevenue": 14544000000, "totalOperatingExpenses": 13067000000, "costOfRevenue": 11724000000, "totalOtherIncomeExpenseNet": -362000000, "discontinuedOperations": null, "netIncomeFromContinuingOps": 815000000, "netIncomeApplicableToCommonShares": 802000000}, "2021-06-30": {"researchDevelopment": 100000000, "effectOfAccountingCharges": null, "incomeBeforeTax": 1212000000, "minorityInterest": 57000000, "netIncome": 939000000, "sellingGeneralAdministrative": 1279000000, "grossProfit": 2732000000, "ebit": 1438000000, "operatingIncome": 1438000000, "otherOperatingExpenses": -85000000, "interestExpense": -157000000, "extraordinaryItems": null, "nonRecurring": null, "otherItems": null, "incomeTaxExpense": 261000000, "totalRevenue": 12861000000, "totalOperatingExpenses": 11423000000, "costOfRevenue": 10129000000, "totalOtherIncomeExpenseNet": -226000000, "discontinuedOperations": null, "netIncomeFromContinuingOps": 951000000, "netIncomeApplicableToCommonShares": 937000000}, "2020-06-30": {"researchDevelopment": 97000000, "effectOfAccountingCharges": null, "incomeBeforeTax": 811000000, "minorityInterest": 61000000, "netIncome": 612000000, "sellingGeneralAdministrative": 1371000000, "grossProfit": 2536000000, "ebit": 1103000000, "operatingIncome": 1103000000, "otherOperatingExpenses": -35000000, "interestExpense": -207000000, "extraordinaryItems": null, "nonRecurring": null, "otherItems": null, "incomeTaxExpense": 187000000, "totalRevenue": 12468000000, "totalOperatingExpenses": 11365000000, "costOfRevenue": 9932000000, "totalOtherIncomeExpenseNet": -292000000, "discontinuedOperations": -8000000, "netIncomeFromContinuingOps": 624000000, "netIncomeApplicableToCommonShares": 612000000}, "2019-06-30": {"researchDevelopment": 64000000, "effectOfAccountingCharges": null, "incomeBeforeTax": 608000000, "minorityInterest": 65700000, "netIncome": 430000000, "sellingGeneralAdministrative": 815000000, "grossProfit": 1799000000, "ebit": 1098000000, "operatingIncome": 1098000000, "otherOperatingExpenses": -178000000, "interestExpense": -208000000, "extraordinaryItems": null, "nonRecurring": null, "otherItems": null, "incomeTaxExpense": 172000000, "totalRevenue": 9458000000, "totalOperatingExpenses": 8360000000, "costOfRevenue": 7659000000, "totalOtherIncomeExpenseNet": -490000000, "discontinuedOperations": 1000000, "netIncomeFromContinuingOps": 436000000, "netIncomeApplicableToCommonShares": 429000000}}, "quarterly": {"2022-06-30": {"researchDevelopment": 24000000, "effectOfAccountingCharges": null, "incomeBeforeTax": 216000000, "minorityInterest": 59000000, "netIncome": 109000000, "sellingGeneralAdministrative": 342000000, "grossProfit": 794000000, "ebit": 396000000, "operatingIncome": 396000000, "otherOperatingExpenses": 32000000, "interestExpense": -44000000, "extraordinaryItems": null, "nonRecurring": null, "otherItems": null, "incomeTaxExpense": 104000000, "totalRevenue": 3909000000, "totalOperatingExpenses": 3513000000, "costOfRevenue": 3115000000, "totalOtherIncomeExpenseNet": -180000000, "discontinuedOperations": null, "netIncomeFromContinuingOps": 112000000, "netIncomeApplicableToCommonShares": 108000000}, "2022-03-31": {"researchDevelopment": 24000000, "effectOfAccountingCharges": null, "incomeBeforeTax": 216000000, "minorityInterest": 60000000, "netIncome": 0, "sellingGeneralAdministrative": 321000000, "grossProfit": 0, "ebit": 404000000, "operatingIncome": 404000000, "otherOperatingExpenses": -18000000, "interestExpense": -36000000, "extraordinaryItems": null, "nonRecurring": null, "otherItems": null, "incomeTaxExpense": 0, "totalRevenue": 0, "totalOperatingExpenses": 3304000000, "costOfRevenue": 0, "totalOtherIncomeExpenseNet": -21000000, "discontinuedOperations": null, "netIncomeFromContinuingOps": 0, "netIncomeApplicableToCommonShares": 268000000}, "2021-12-31": {"researchDevelopment": 23000000, "effectOfAccountingCharges": null, "incomeBeforeTax": 290000000, "minorityInterest": 57000000, "netIncome": 225000000, "sellingGeneralAdministrative": 300000000, "grossProfit": 645000000, "ebit": 355000000, "operatingIncome": 355000000, "otherOperatingExpenses": -33000000, "interestExpense": -39000000, "extraordinaryItems": null, "nonRecurring": null, "otherItems": null, "incomeTaxExpense": 61000000, "totalRevenue": 3507000000, "totalOperatingExpenses": 3152000000, "costOfRevenue": 2862000000, "totalOtherIncomeExpenseNet": -65000000, "discontinuedOperations": null, "netIncomeFromContinuingOps": 229000000, "netIncomeApplicableToCommonShares": 224000000}, "2021-09-30": {"researchDevelopment": 25000000, "effectOfAccountingCharges": null, "incomeBeforeTax": 266000000, "minorityInterest": 55000000, "netIncome": 202000000, "sellingGeneralAdministrative": 308000000, "grossProfit": 650000000, "ebit": 322000000, "operatingIncome": 322000000, "otherOperatingExpenses": -5000000, "interestExpense": -40000000, "extraordinaryItems": null, "nonRecurring": null, "otherItems": null, "incomeTaxExpense": 63000000, "totalRevenue": 3420000000, "totalOperatingExpenses": 3098000000, "costOfRevenue": 2770000000, "totalOtherIncomeExpenseNet": -56000000, "discontinuedOperations": null, "netIncomeFromContinuingOps": 203000000, "netIncomeApplicableToCommonShares": 202000000}}}, "cash": {"annual": {"2022-06-30": {"investments": -12000000, "changeToLiabilities": 711000000, "totalCashflowsFromInvestingActivities": -527000000, "netBorrowings": 471000000, "totalCashFromFinancingActivities": -891000000, "changeToOperatingActivities": -20000000, "issuanceOfStock": 114000000, "netIncome": 805000000, "changeInCash": -75000000, "repurchaseOfStock": -744000000, "effectOfExchangeRate": -108000000, "totalCashFromOperatingActivities": 1526000000, "depreciation": 582000000, "otherCashflowsFromInvestingActivities": -5000000, "dividendsPaid": -723000000, "changeToInventory": -626000000, "changeToAccountReceivables": -272000000, "otherCashflowsFromFinancingActivities": -9000000, "changeToNetincome": 344000000, "capitalExpenditures": -527000000}, "2021-06-30": {"investments": -5000000, "changeToLiabilities": 342000000, "totalCashflowsFromInvestingActivities": -233000000, "netBorrowings": -100000000, "totalCashFromFinancingActivities": -1179000000, "changeToOperatingActivities": -88000000, "issuanceOfStock": 30000000, "netIncome": 939000000, "changeInCash": 107000000, "repurchaseOfStock": -359000000, "effectOfExchangeRate": 58000000, "totalCashFromOperatingActivities": 1461000000, "depreciation": 564000000, "otherCashflowsFromInvestingActivities": -5000000, "dividendsPaid": -728000000, "changeToInventory": -112000000, "changeToAccountReceivables": -189000000, "otherCashflowsFromFinancingActivities": -22000000, "changeToNetincome": -5000000, "capitalExpenditures": -468000000}, "2020-06-30": {"investments": -5000000, "changeToLiabilities": -48000000, "totalCashflowsFromInvestingActivities": 38000000, "netBorrowings": 124000000, "totalCashFromFinancingActivities": -1236000000, "changeToOperatingActivities": 28000000, "issuanceOfStock": 1000000, "netIncome": 612000000, "changeInCash": 141000000, "repurchaseOfStock": -604000000, "effectOfExchangeRate": -45000000, "totalCashFromOperatingActivities": 1384000000, "depreciation": 630000000, "otherCashflowsFromInvestingActivities": -5000000, "dividendsPaid": -748000000, "changeToInventory": 26000000, "changeToAccountReceivables": 133000000, "otherCashflowsFromFinancingActivities": -9000000, "changeToNetincome": -5000000, "capitalExpenditures": -400000000}, "2019-06-30": {"investments": -5000000, "changeToLiabilities": 120000000, "totalCashflowsFromInvestingActivities": 10000000, "netBorrowings": -60000000, "totalCashFromFinancingActivities": -765000000, "changeToOperatingActivities": -33000000, "issuanceOfStock": 19000000, "netIncome": 430000000, "changeInCash": -19000000, "repurchaseOfStock": -20000000, "effectOfExchangeRate": 1000000, "totalCashFromOperatingActivities": 776000000, "depreciation": 378000000, "otherCashflowsFromInvestingActivities": -1000000, "dividendsPaid": -666000000, "changeToInventory": 3000000, "changeToAccountReceivables": -84000000, "otherCashflowsFromFinancingActivities": -38000000, "changeToNetincome": -44000000, "capitalExpenditures": -332000000}}, "quarterly": {"2022-06-30": {"investments": -1000000, "changeToLiabilities": 711000000, "totalCashflowsFromInvestingActivities": -144000000, "netBorrowings": -595000000, "totalCashFromFinancingActivities": -943000000, "changeToOperatingActivities": 708000000, "issuanceOfStock": 22000000, "netIncome": 109000000, "changeInCash": -302000000, "repurchaseOfStock": -188000000, "effectOfExchangeRate": -77000000, "totalCashFromOperatingActivities": 937000000, "depreciation": 103000000, "dividendsPaid": -179000000, "changeToInventory": -626000000, "changeToAccountReceivables": -272000000, "otherCashflowsFromFinancingActivities": -3000000, "changeToNetincome": 204000000, "capitalExpenditures": -154000000}, "2022-03-31": {"investments": -1000000, "changeToLiabilities": 0, "totalCashflowsFromInvestingActivities": -118000000, "netBorrowings": 597000000, "totalCashFromFinancingActivities": 287000000, "changeToOperatingActivities": 708000000, "issuanceOfStock": 22000000, "netIncome": 0, "changeInCash": -302000000, "repurchaseOfStock": -188000000, "effectOfExchangeRate": 16000000, "totalCashFromOperatingActivities": 937000000, "depreciation": 103000000, "dividendsPaid": -180000000, "changeToInventory": -626000000, "changeToAccountReceivables": -272000000, "otherCashflowsFromFinancingActivities": -2000000, "changeToNetincome": 52000000, "capitalExpenditures": -154000000}, "2021-12-31": {"investments": -11000000, "changeToLiabilities": 0, "totalCashflowsFromInvestingActivities": -120000000, "netBorrowings": 106000000, "totalCashFromFinancingActivities": -302000000, "changeToOperatingActivities": 37000000, "issuanceOfStock": 10000000, "netIncome": 225000000, "changeInCash": -7000000, "repurchaseOfStock": -233000000, "effectOfExchangeRate": -20000000, "totalCashFromOperatingActivities": 435000000, "depreciation": 155000000, "otherCashflowsFromInvestingActivities": -5000000, "dividendsPaid": -183000000, "changeToInventory": -626000000, "changeToAccountReceivables": -272000000, "otherCashflowsFromFinancingActivities": -2000000, "changeToNetincome": 18000000, "capitalExpenditures": -110000000}, "2021-09-30": {"investments": -11000000, "changeToLiabilities": 0, "totalCashflowsFromInvestingActivities": -145000000, "netBorrowings": 363000000, "totalCashFromFinancingActivities": 67000000, "changeToOperatingActivities": -562000000, "issuanceOfStock": 82000000, "netIncome": 202000000, "changeInCash": -217000000, "repurchaseOfStock": -195000000, "effectOfExchangeRate": -27000000, "totalCashFromOperatingActivities": -112000000, "depreciation": 177000000, "otherCashflowsFromInvestingActivities": -5000000, "dividendsPaid": -181000000, "changeToInventory": -626000000, "changeToAccountReceivables": -272000000, "otherCashflowsFromFinancingActivities": -2000000, "changeToNetincome": 70000000, "capitalExpenditures": -145000000}}}}, "HAS": {"balance": {"annual": {"2021-12-26": {"intangibleAssets": 1973000000, "capitalSurplus": 2428000000, "totalLiab": 6950800000, "totalStockholderEquity": 3025900000, "minorityInterest": 61100000, "otherCurrentLiab": 540700000, "totalAssets": 10037800000, "commonStock": 110100000, "otherCurrentAssets": 46500000, "retainedEarnings": 4257800000, "otherLiab": 538300000, "goodWill": 3419600000, "treasuryStock": -3770000000, "otherAssets": 496000000, "cash": 983400000, "totalCurrentLiabilities": 2455900000, "deferredLongTermAssetCharges": 132100000, "shortLongTermDebt": 200100000, "otherStockholderEquity": -235300000, "propertyPlantEquipment": 421100000, "totalCurrentAssets": 3728100000, "netTangibleAssets": -2366700000, "netReceivables": 1787300000, "longTermDebt": 3824200000, "inventory": 552100000, "accountsPayable": 580200000}, "2020-12-27": {"intangibleAssets": 2258000000, "capitalSurplus": 2329100000, "totalLiab": 7857300000, "totalStockholderEquity": 2896700000, "minorityInterest": 64400000, "otherCurrentLiab": 623900000, "totalAssets": 10818400000, "commonStock": 110100000, "otherCurrentAssets": 76900000, "retainedEarnings": 4204200000, "otherLiab": 794000000, "goodWill": 3691700000, "treasuryStock": -3746700000, "otherAssets": 533100000, "cash": 1376500000, "totalCurrentLiabilities": 2403300000, "deferredLongTermAssetCharges": 137600000, "shortLongTermDebt": 432600000, "otherStockholderEquity": -195000000, "propertyPlantEquipment": 489000000, "totalCurrentAssets": 3846600000, "netTangibleAssets": -3053000000, "netReceivables": 1676100000, "longTermDebt": 4660000000, "inventory": 395600000, "accountsPayable": 425500000}, "2019-12-29": {"intangibleAssets": 764054000, "capitalSurplus": 2275726000, "totalLiab": 5860098000, "totalStockholderEquity": 2995530000, "otherCurrentLiab": 224412000, "totalAssets": 8855628000, "commonStock": 110143000, "otherCurrentAssets": 8178000, "retainedEarnings": 4354619000, "otherLiab": 556559000, "goodWill": 494584000, "treasuryStock": -3744958000, "otherAssets": 467221000, "cash": 4580369000, "totalCurrentLiabilities": 1257082000, "deferredLongTermAssetCharges": 92401000, "otherStockholderEquity": -184220000, "propertyPlantEquipment": 382248000, "totalCurrentAssets": 6747521000, "netTangibleAssets": 1736892000, "shortTermInvestments": 25518000, "netReceivables": 1442779000, "longTermDebt": 4046457000, "inventory": 446105000, "accountsPayable": 343927000}, "2018-12-30": {"intangibleAssets": 693842000, "capitalSurplus": 1275059000, "totalLiab": 3508502000, "totalStockholderEquity": 1754486000, "deferredLongTermLiab": 157351000, "otherCurrentLiab": 257044000, "totalAssets": 5262988000, "commonStock": 104847000, "otherCurrentAssets": 20746000, "retainedEarnings": 4184374000, "otherLiab": 539086000, "goodWill": 485881000, "treasuryStock": -3809794000, "otherAssets": 744288000, "cash": 1182371000, "totalCurrentLiabilities": 1274324000, "deferredLongTermAssetCharges": 174077000, "otherStockholderEquity": -294514000, "propertyPlantEquipment": 256473000, "totalCurrentAssets": 3082504000, "netTangibleAssets": 574763000, "shortTermInvestments": 23913000, "netReceivables": 1200947000, "longTermDebt": 1695092000, "inventory": 443383000, "accountsPayable": 333521000}}, "quarterly": {"2022-06-26": {"intangibleAssets": 1981600000, "capitalSurplus": 2503400000, "totalLiab": 6467200000, "totalStockholderEquity": 2983600000, "minorityInterest": 52200000, "otherCurrentLiab": 566100000, "totalAssets": 9503000000, "commonStock": 110100000, "otherCurrentAssets": 61200000, "retainedEarnings": 4265900000, "otherLiab": 463600000, "goodWill": 3483200000, "treasuryStock": -3895800000, "otherAssets": 542900000, "cash": 586300000, "totalCurrentLiabilities": 2158200000, "shortLongTermDebt": 137000000, "otherStockholderEquity": -259600000, "propertyPlantEquipment": 409900000, "totalCurrentAssets": 3085400000, "netTangibleAssets": -2481200000, "netReceivables": 1290200000, "longTermDebt": 3739000000, "inventory": 867500000, "accountsPayable": 543800000}, "2022-03-27": {"intangibleAssets": 1953000000, "capitalSurplus": 2475700000, "totalLiab": 6414500000, "totalStockholderEquity": 3046000000, "minorityInterest": 58200000, "otherCurrentLiab": 534100000, "totalAssets": 9518700000, "commonStock": 110100000, "otherCurrentAssets": 48700000, "retainedEarnings": 4220900000, "otherLiab": 505300000, "goodWill": 3419300000, "treasuryStock": -3760700000, "otherAssets": 468500000, "cash": 1019100000, "totalCurrentLiabilities": 2043000000, "shortLongTermDebt": 155800000, "otherStockholderEquity": -246900000, "propertyPlantEquipment": 422600000, "totalCurrentAssets": 3255300000, "netTangibleAssets": -2326300000, "netReceivables": 1231500000, "longTermDebt": 3737900000, "inventory": 644300000, "accountsPayable": 411700000}, "2021-12-26": {"intangibleAssets": 1973000000, "capitalSurplus": 2428000000, "totalLiab": 6950800000, "totalStockholderEquity": 3025900000, "minorityInterest": 61100000, "otherCurrentLiab": 540700000, "totalAssets": 10037800000, "commonStock": 110100000, "otherCurrentAssets": 46500000, "retainedEarnings": 4257800000, "otherLiab": 538300000, "goodWill": 3419600000, "treasuryStock": -3770000000, "otherAssets": 496000000, "cash": 983400000, "totalCurrentLiabilities": 2455900000, "deferredLongTermAssetCharges": 132100000, "shortLongTermDebt": 200100000, "otherStockholderEquity": -235300000, "propertyPlantEquipment": 421100000, "totalCurrentAssets": 3728100000, "netTangibleAssets": -2366700000, "netReceivables": 1787300000, "longTermDebt": 3824200000, "inventory": 552100000, "accountsPayable": 580200000}, "2021-09-26": {"intangibleAssets": 2048900000, "capitalSurplus": 2388900000, "totalLiab": 7150300000, "totalStockholderEquity": 3019000000, "minorityInterest": 61100000, "otherCurrentLiab": 570800000, "totalAssets": 10230400000, "commonStock": 110100000, "otherCurrentAssets": 102900000, "retainedEarnings": 4269600000, "otherLiab": 583300000, "goodWill": 3420200000, "treasuryStock": -3749600000, "otherAssets": 589000000, "cash": 1086300000, "totalCurrentLiabilities": 2450400000, "shortLongTermDebt": 187600000, "otherStockholderEquity": -208600000, "propertyPlantEquipment": 441900000, "totalCurrentAssets": 3730400000, "netTangibleAssets": -2450100000, "netReceivables": 1739900000, "longTermDebt": 3977400000, "inventory": 544100000, "accountsPayable": 598200000}}}, "income": {"annual": {"2021-12-26": {"researchDevelopment": 315700000, "effectOfAccountingCharges": null, "incomeBeforeTax": 581900000, "minorityInterest": 61100000, "netIncome": 428700000, "sellingGeneralAdministrative": 1933300000, "grossProfit": 3243900000, "ebit": 878100000, "operatingIncome": 878100000, "otherOperatingExpenses": null, "interestExpense": -179700000, "extraordinaryItems": null, "nonRecurring": null, "otherItems": null, "incomeTaxExpense": 146600000, "totalRevenue": 6420400000, "totalOperatingExpenses": 5542300000, "costOfRevenue": 3176500000, "totalOtherIncomeExpenseNet": -296200000, "discontinuedOperations": null, "netIncomeFromContinuingOps": 435300000, "netIncomeApplicableToCommonShares": 428700000}, "2020-12-27": {"researchDevelopment": 259500000, "effectOfAccountingCharges": null, "incomeBeforeTax": 322100000, "minorityInterest": 64400000, "netIncome": 222500000, "sellingGeneralAdministrative": 1657500000, "grossProfit": 2789400000, "ebit": 727700000, "operatingIncome": 727700000, "otherOperatingExpenses": null, "interestExpense": -202100000, "extraordinaryItems": null, "nonRecurring": null, "otherItems": null, "incomeTaxExpense": 96700000, "totalRevenue": 5465400000, "totalOperatingExpenses": 4737700000, "costOfRevenue": 2676000000, "totalOtherIncomeExpenseNet": -405600000, "discontinuedOperations": null, "netIncomeFromContinuingOps": 225400000, "netIncomeApplicableToCommonShares": 222500000}, "2019-12-29": {"researchDevelopment": 262200000, "effectOfAccountingCharges": null, "incomeBeforeTax": 594300000, "minorityInterest": 64400000, "netIncome": 520500000, "sellingGeneralAdministrative": 1441400000, "grossProfit": 2412300000, "ebit": 661400000, "operatingIncome": 661400000, "otherOperatingExpenses": null, "interestExpense": -121500000, "extraordinaryItems": null, "nonRecurring": null, "otherItems": null, "incomeTaxExpense": 73800000, "totalRevenue": 4720200000, "totalOperatingExpenses": 4058800000, "costOfRevenue": 2307900000, "totalOtherIncomeExpenseNet": -67100000, "discontinuedOperations": null, "netIncomeFromContinuingOps": 520500000, "netIncomeApplicableToCommonShares": 520500000}, "2018-12-30": {"researchDevelopment": 246165000, "effectOfAccountingCharges": null, "incomeBeforeTax": 270402000, "minorityInterest": 64400000, "netIncome": 220434000, "sellingGeneralAdministrative": 1476226000, "grossProfit": 2333402000, "ebit": 582308000, "operatingIncome": 582308000, "otherOperatingExpenses": null, "interestExpense": -90826000, "extraordinaryItems": null, "nonRecurring": null, "otherItems": null, "incomeTaxExpense": 49968000, "totalRevenue": 4579646000, "totalOperatingExpenses": 3997338000, "costOfRevenue": 2246244000, "totalOtherIncomeExpenseNet": -311906000, "discontinuedOperations": null, "netIncomeFromContinuingOps": 220434000, "netIncomeApplicableToCommonShares": 220434000}}, "quarterly": {"2022-06-26": {"researchDevelopment": 79200000, "effectOfAccountingCharges": null, "incomeBeforeTax": 179900000, "minorityInterest": 52200000, "netIncome": 142000000, "sellingGeneralAdministrative": 411400000, "grossProfit": 736900000, "ebit": 219100000, "operatingIncome": 219100000, "otherOperatingExpenses": null, "interestExpense": -41700000, "extraordinaryItems": null, "nonRecurring": null, "otherItems": null, "incomeTaxExpense": 39400000, "totalRevenue": 1339200000, "totalOperatingExpenses": 1120100000, "costOfRevenue": 602300000, "totalOtherIncomeExpenseNet": -39200000, "discontinuedOperations": null, "netIncomeFromContinuingOps": 140500000, "netIncomeApplicableToCommonShares": 142000000}, "2022-03-27": {"researchDevelopment": 69600000, "effectOfAccountingCharges": null, "incomeBeforeTax": 80200000, "minorityInterest": 58200000, "netIncome": 61200000, "sellingGeneralAdministrative": 384700000, "grossProfit": 601400000, "ebit": 120000000, "operatingIncome": 120000000, "otherOperatingExpenses": null, "interestExpense": -41600000, "extraordinaryItems": null, "nonRecurring": null, "otherItems": null, "incomeTaxExpense": 17300000, "totalRevenue": 1163100000, "totalOperatingExpenses": 1043100000, "costOfRevenue": 561700000, "totalOtherIncomeExpenseNet": -39800000, "discontinuedOperations": null, "netIncomeFromContinuingOps": 62900000, "netIncomeApplicableToCommonShares": 61200000}, "2021-12-26": {"researchDevelopment": 86600000, "effectOfAccountingCharges": null, "incomeBeforeTax": 87900000, "minorityInterest": 61100000, "netIncome": 82200000, "sellingGeneralAdministrative": 572000000, "grossProfit": 869600000, "ebit": 184500000, "operatingIncome": 184500000, "otherOperatingExpenses": null, "interestExpense": -42400000, "extraordinaryItems": null, "nonRecurring": null, "otherItems": null, "incomeTaxExpense": 3100000, "totalRevenue": 2013400000, "totalOperatingExpenses": 1828900000, "costOfRevenue": 1143800000, "totalOtherIncomeExpenseNet": -96600000, "discontinuedOperations": null, "netIncomeFromContinuingOps": 84800000, "netIncomeApplicableToCommonShares": 82200000}, "2021-09-26": {"researchDevelopment": 80100000, "effectOfAccountingCharges": null, "incomeBeforeTax": 323400000, "minorityInterest": 61100000, "netIncome": 253200000, "sellingGeneralAdministrative": 525100000, "grossProfit": 1000800000, "ebit": 367900000, "operatingIncome": 367900000, "otherOperatingExpenses": null, "interestExpense": -43300000, "extraordinaryItems": null, "nonRecurring": null, "otherItems": null, "incomeTaxExpense": 68500000, "totalRevenue": 1970000000, "totalOperatingExpenses": 1602100000, "costOfRevenue": 969200000, "totalOtherIncomeExpenseNet": -44500000, "discontinuedOperations": null, "netIncomeFromContinuingOps": 254900000, "netIncomeApplicableToCommonShares": 253200000}}}, "cash": {"annual": {"2021-12-26": {"changeToLiabilities": 313200000, "totalCashflowsFromInvestingActivities": 242000000, "netBorrowings": -1081700000, "totalCashFromFinancingActivities": -1459800000, "changeToOperatingActivities": -782600000, "issuanceOfStock": 30600000, "netIncome": 428700000, "changeInCash": -430500000, "repurchaseOfStock": -13700000, "effectOfExchangeRate": -30600000, "totalCashFromOperatingActivities": 817900000, "depreciation": 280100000, "otherCashflowsFromInvestingActivities": -3800000, "dividendsPaid": -374500000, "changeToInventory": -173900000, "changeToAccountReceivables": -159500000, "otherCashflowsFromFinancingActivities": -20500000, "changeToNetincome": 301700000, "capitalExpenditures": -132700000}, "2020-12-27": {"changeToLiabilities": 49300000, "totalCashflowsFromInvestingActivities": -4500200000, "netBorrowings": 828500000, "totalCashFromFinancingActivities": 405900000, "changeToOperatingActivities": -364600000, "issuanceOfStock": 16600000, "netIncome": 222500000, "changeInCash": -3130700000, "repurchaseOfStock": -53400000, "effectOfExchangeRate": -12700000, "totalCashFromOperatingActivities": 976300000, "depreciation": 264900000, "otherCashflowsFromInvestingActivities": 38500000, "dividendsPaid": -372700000, "changeToInventory": 62800000, "changeToAccountReceivables": 210800000, "otherCashflowsFromFinancingActivities": -13100000, "changeToNetincome": 161900000, "capitalExpenditures": -125800000}, "2019-12-29": {"investments": -8761000, "changeToLiabilities": 62300000, "totalCashflowsFromInvestingActivities": -60900000, "netBorrowings": 2346200000, "totalCashFromFinancingActivities": 2810600000, "changeToOperatingActivities": -35200000, "issuanceOfStock": 1007000000, "netIncome": 520500000, "changeInCash": 3398000000, "repurchaseOfStock": -74500000, "effectOfExchangeRate": -4800000, "totalCashFromOperatingActivities": 653100000, "depreciation": 180800000, "otherCashflowsFromInvestingActivities": 81500000, "dividendsPaid": -336600000, "changeToInventory": -4600000, "changeToAccountReceivables": -211500000, "otherCashflowsFromFinancingActivities": -131500000, "changeToNetincome": 69800000, "capitalExpenditures": -133600000}, "2018-12-30": {"investments": -8761000, "changeToLiabilities": 107426000, "totalCashflowsFromInvestingActivities": -286477000, "netBorrowings": -142357000, "totalCashFromFinancingActivities": -737101000, "changeToOperatingActivities": -179131000, "issuanceOfStock": 29999000, "netIncome": 220434000, "changeInCash": -398863000, "repurchaseOfStock": -308398000, "effectOfExchangeRate": -21282000, "totalCashFromOperatingActivities": 645997000, "depreciation": 167958000, "otherCashflowsFromInvestingActivities": 9400000, "dividendsPaid": -309258000, "changeToInventory": -37211000, "changeToAccountReceivables": 180113000, "otherCashflowsFromFinancingActivities": -7087000, "changeToNetincome": 115475000, "capitalExpenditures": -295877000}}, "quarterly": {"2022-06-26": {"changeToLiabilities": 191400000, "totalCashflowsFromInvestingActivities": -188700000, "netBorrowings": -23900000, "totalCashFromFinancingActivities": -242400000, "changeToOperatingActivities": -191000000, "issuanceOfStock": 4000000, "netIncome": 142000000, "changeInCash": -429700000, "repurchaseOfStock": -124300000, "effectOfExchangeRate": -11700000, "totalCashFromOperatingActivities": 13100000, "depreciation": 63800000, "otherCashflowsFromInvestingActivities": 4200000, "dividendsPaid": -97400000, "changeToInventory": -225100000, "changeToAccountReceivables": -42300000, "otherCashflowsFromFinancingActivities": -800000, "changeToNetincome": 12000000, "capitalExpenditures": -46600000}, "2022-03-27": {"changeToLiabilities": -464400000, "totalCashflowsFromInvestingActivities": -23900000, "netBorrowings": -29300000, "totalCashFromFinancingActivities": -77500000, "changeToOperatingActivities": -103300000, "issuanceOfStock": 70200000, "netIncome": 61200000, "changeInCash": 38700000, "repurchaseOfStock": -19300000, "effectOfExchangeRate": 5400000, "totalCashFromOperatingActivities": 134700000, "depreciation": 52200000, "otherCashflowsFromInvestingActivities": 5300000, "dividendsPaid": -94500000, "changeToInventory": -99600000, "changeToAccountReceivables": 559800000, "otherCashflowsFromFinancingActivities": -4600000, "changeToNetincome": -9700000, "capitalExpenditures": -29200000}, "2021-12-26": {"changeToLiabilities": 2700000, "totalCashflowsFromInvestingActivities": -35500000, "netBorrowings": -141000000, "totalCashFromFinancingActivities": -236300000, "changeToOperatingActivities": -254600000, "issuanceOfStock": 6000000, "netIncome": 82200000, "changeInCash": -162000000, "repurchaseOfStock": -2900000, "effectOfExchangeRate": -22500000, "totalCashFromOperatingActivities": 132300000, "depreciation": 73600000, "otherCashflowsFromInvestingActivities": -200000, "dividendsPaid": -93800000, "changeToInventory": -14500000, "changeToAccountReceivables": -75700000, "otherCashflowsFromFinancingActivities": -4600000, "changeToNetincome": 86100000, "capitalExpenditures": -34600000}, "2021-09-26": {"changeToLiabilities": 479800000, "totalCashflowsFromInvestingActivities": 343800000, "netBorrowings": -414100000, "totalCashFromFinancingActivities": -505100000, "changeToOperatingActivities": -251700000, "issuanceOfStock": 15200000, "netIncome": 253200000, "changeInCash": -47000000, "repurchaseOfStock": -1300000, "effectOfExchangeRate": -12400000, "totalCashFromOperatingActivities": 108500000, "depreciation": 76300000, "otherCashflowsFromInvestingActivities": -400000, "dividendsPaid": -93200000, "changeToInventory": -49900000, "changeToAccountReceivables": -617700000, "otherCashflowsFromFinancingActivities": -11700000, "changeToNetincome": 30600000, "capitalExpenditures": -35000000}}}}}