{"CCL": {"balance": {"annual": {"2021-11-30": {"intangibleAssets": 1181000000, "capitalSurplus": 15292000000, "totalLiab": 41200000000, "totalStockholderEquity": 12144000000, "otherCurrentLiab": 3111000000, "totalAssets": 53344000000, "commonStock": 372000000, "otherCurrentAssets": 1000000, "retainedEarnings": 6448000000, "otherLiab": 1042000000, "goodWill": 579000000, "treasuryStock": -9968000000, "otherAssets": 1769000000, "cash": 8939000000, "totalCurrentLiabilities": 10408000000, "shortLongTermDebt": 1930000000, "otherStockholderEquity": -1502000000, "propertyPlantEquipment": 39440000000, "totalCurrentAssets": 10133000000, "longTermInvestments": 242000000, "netTangibleAssets": 10384000000, "shortTermInvestments": 200000000, "netReceivables": 246000000, "longTermDebt": 28511000000, "inventory": 356000000, "accountsPayable": 797000000}, "2020-11-30": {"intangibleAssets": 1186000000, "capitalSurplus": 13948000000, "totalLiab": 33038000000, "totalStockholderEquity": 20555000000, "otherCurrentLiab": 1941000000, "totalAssets": 53593000000, "commonStock": 372000000, "otherCurrentAssets": 135000000, "retainedEarnings": 16075000000, "otherLiab": 944000000, "goodWill": 807000000, "treasuryStock": -9840000000, "otherAssets": 1305000000, "cash": 9513000000, "totalCurrentLiabilities": 8686000000, "shortLongTermDebt": 1747000000, "otherStockholderEquity": -1436000000, "propertyPlantEquipment": 39443000000, "totalCurrentAssets": 10563000000, "longTermInvestments": 289000000, "netTangibleAssets": 18562000000, "netReceivables": 273000000, "longTermDebt": 22135000000, "inventory": 335000000, "accountsPayable": 624000000}, "2019-11-30": {"intangibleAssets": 1174000000, "capitalSurplus": 8807000000, "totalLiab": 19693000000, "totalStockholderEquity": 25365000000, "otherCurrentLiab": 4737000000, "totalAssets": 45058000000, "commonStock": 365000000, "otherCurrentAssets": 31000000, "retainedEarnings": 26653000000, "otherLiab": 882000000, "goodWill": 2912000000, "treasuryStock": -10460000000, "otherAssets": 578000000, "cash": 518000000, "totalCurrentLiabilities": 9127000000, "shortLongTermDebt": 1602000000, "otherStockholderEquity": -2066000000, "propertyPlantEquipment": 38131000000, "totalCurrentAssets": 2059000000, "longTermInvestments": 204000000, "netTangibleAssets": 21279000000, "netReceivables": 598000000, "longTermDebt": 9684000000, "inventory": 427000000, "accountsPayable": 756000000}, "2018-11-30": {"intangibleAssets": 1176000000, "capitalSurplus": 8756000000, "totalLiab": 17958000000, "totalStockholderEquity": 24443000000, "otherCurrentLiab": 4406000000, "totalAssets": 42401000000, "commonStock": 365000000, "retainedEarnings": 25066000000, "otherLiab": 845000000, "goodWill": 2925000000, "treasuryStock": -9744000000, "otherAssets": 494000000, "cash": 982000000, "totalCurrentLiabilities": 9205000000, "shortLongTermDebt": 1586000000, "otherStockholderEquity": -1949000000, "propertyPlantEquipment": 35336000000, "totalCurrentAssets": 2226000000, "longTermInvestments": 244000000, "netTangibleAssets": 20342000000, "netReceivables": 358000000, "longTermDebt": 7908000000, "inventory": 450000000, "accountsPayable": 730000000}}, "quarterly": {"2022-05-31": {"intangibleAssets": 1167000000, "capitalSurplus": 15457000000, "totalLiab": 44728000000, "totalStockholderEquity": 8260000000, "otherCurrentLiab": 4767000000, "totalAssets": 52988000000, "commonStock": 372000000, "otherCurrentAssets": 9000000, "retainedEarnings": 2649000000, "otherLiab": 965000000, "goodWill": 579000000, "treasuryStock": -10218000000, "otherAssets": 2221000000, "cash": 7054000000, "totalCurrentLiabilities": 13380000000, "shortLongTermDebt": 3197000000, "otherStockholderEquity": -1742000000, "propertyPlantEquipment": 40467000000, "totalCurrentAssets": 8554000000, "netTangibleAssets": 6514000000, "shortTermInvestments": 151000000, "netReceivables": 567000000, "longTermDebt": 29263000000, "inventory": 425000000, "accountsPayable": 912000000}, "2022-02-28": {"intangibleAssets": 1181000000, "capitalSurplus": 15360000000, "totalLiab": 42970000000, "totalStockholderEquity": 10311000000, "otherCurrentLiab": 3369000000, "totalAssets": 53281000000, "commonStock": 372000000, "otherCurrentAssets": 4000000, "retainedEarnings": 4493000000, "otherLiab": 972000000, "goodWill": 579000000, "treasuryStock": -9914000000, "otherAssets": 2003000000, "cash": 6414000000, "totalCurrentLiabilities": 10920000000, "shortLongTermDebt": 2274000000, "otherStockholderEquity": -1486000000, "propertyPlantEquipment": 41461000000, "totalCurrentAssets": 8057000000, "netTangibleAssets": 8551000000, "shortTermInvestments": 515000000, "netReceivables": 337000000, "longTermDebt": 29888000000, "inventory": 392000000, "accountsPayable": 772000000}, "2021-11-30": {"intangibleAssets": 1181000000, "capitalSurplus": 15292000000, "totalLiab": 41200000000, "totalStockholderEquity": 12144000000, "otherCurrentLiab": 3111000000, "totalAssets": 53344000000, "commonStock": 372000000, "otherCurrentAssets": 1000000, "retainedEarnings": 6448000000, "otherLiab": 1042000000, "goodWill": 579000000, "treasuryStock": -9968000000, "otherAssets": 1769000000, "cash": 8939000000, "totalCurrentLiabilities": 10408000000, "shortLongTermDebt": 1930000000, "otherStockholderEquity": -1502000000, "propertyPlantEquipment": 39440000000, "totalCurrentAssets": 10133000000, "longTermInvestments": 242000000, "netTangibleAssets": 10384000000, "shortTermInvestments": 200000000, "netReceivables": 246000000, "longTermDebt": 28511000000, "inventory": 356000000, "accountsPayable": 797000000}, "2021-08-31": {"intangibleAssets": 1190000000, "capitalSurplus": 15146000000, "totalLiab": 38651000000, "totalStockholderEquity": 14863000000, "otherCurrentLiab": 2707000000, "totalAssets": 53514000000, "commonStock": 372000000, "otherCurrentAssets": 137000000, "retainedEarnings": 9194000000, "otherLiab": 1057000000, "goodWill": 810000000, "treasuryStock": -9849000000, "otherAssets": 2039000000, "cash": 7151000000, "totalCurrentLiabilities": 9491000000, "shortLongTermDebt": 1306000000, "otherStockholderEquity": -1349000000, "propertyPlantEquipment": 40283000000, "totalCurrentAssets": 8909000000, "longTermInvestments": 283000000, "netTangibleAssets": 12863000000, "shortTermInvestments": 647000000, "netReceivables": 281000000, "longTermDebt": 26834000000, "inventory": 322000000, "accountsPayable": 672000000}}}, "income": {"annual": {"2021-11-30": {"researchDevelopment": null, "effectOfAccountingCharges": null, "incomeBeforeTax": -9522000000, "minorityInterest": null, "netIncome": -9501000000, "sellingGeneralAdministrative": 1896000000, "grossProfit": -809000000, "ebit": -6284000000, "operatingIncome": -6284000000, "otherOperatingExpenses": 1346000000, "interestExpense": -1601000000, "extraordinaryItems": null, "nonRecurring": null, "otherItems": null, "incomeTaxExpense": -21000000, "totalRevenue": 1908000000, "totalOperatingExpenses": 8192000000, "costOfRevenue": 2717000000, "totalOtherIncomeExpenseNet": -3238000000, "discontinuedOperations": null, "netIncomeFromContinuingOps": -9501000000, "netIncomeApplicableToCommonShares": -9501000000}, "2020-11-30": {"researchDevelopment": null, "effectOfAccountingCharges": null, "incomeBeforeTax": -10253000000, "minorityInterest": null, "netIncome": -10236000000, "sellingGeneralAdministrative": 1885000000, "grossProfit": 834000000, "ebit": -4917000000, "operatingIncome": -4917000000, "otherOperatingExpenses": 1625000000, "interestExpense": -895000000, "extraordinaryItems": null, "nonRecurring": null, "otherItems": null, "incomeTaxExpense": -17000000, "totalRevenue": 5594000000, "totalOperatingExpenses": 10511000000, "costOfRevenue": 4760000000, "totalOtherIncomeExpenseNet": -5336000000, "discontinuedOperations": null, "netIncomeFromContinuingOps": -10236000000, "netIncomeApplicableToCommonShares": -10236000000}, "2019-11-30": {"researchDevelopment": null, "effectOfAccountingCharges": null, "incomeBeforeTax": 3061000000, "minorityInterest": null, "netIncome": 2990000000, "sellingGeneralAdministrative": 2486000000, "grossProfit": 11110000000, "ebit": 3297000000, "operatingIncome": 3297000000, "otherOperatingExpenses": 3167000000, "interestExpense": -206000000, "extraordinaryItems": null, "nonRecurring": null, "otherItems": null, "incomeTaxExpense": 71000000, "totalRevenue": 20825000000, "totalOperatingExpenses": 17528000000, "costOfRevenue": 9715000000, "totalOtherIncomeExpenseNet": -236000000, "discontinuedOperations": null, "netIncomeFromContinuingOps": 2990000000, "netIncomeApplicableToCommonShares": 2990000000}, "2018-11-30": {"researchDevelopment": null, "effectOfAccountingCharges": null, "incomeBeforeTax": 3206000000, "minorityInterest": null, "netIncome": 3152000000, "sellingGeneralAdministrative": 2459000000, "grossProfit": 10777000000, "ebit": 3389000000, "operatingIncome": 3389000000, "otherOperatingExpenses": 2912000000, "interestExpense": -194000000, "extraordinaryItems": null, "nonRecurring": null, "otherItems": null, "incomeTaxExpense": 54000000, "totalRevenue": 18880000000, "totalOperatingExpenses": 15491000000, "costOfRevenue": 8103000000, "totalOtherIncomeExpenseNet": -183000000, "discontinuedOperations": null, "netIncomeFromContinuingOps": 3152000000, "netIncomeApplicableToCommonShares": 3152000000}}, "quarterly": {"2022-05-31": {"researchDevelopment": null, "effectOfAccountingCharges": null, "incomeBeforeTax": -1831000000, "minorityInterest": null, "netIncome": -1834000000, "sellingGeneralAdministrative": 619000000, "grossProfit": 493000000, "ebit": -1472000000, "operatingIncome": -1472000000, "otherOperatingExpenses": 774000000, "interestExpense": -370000000, "extraordinaryItems": null, "nonRecurring": null, "otherItems": null, "incomeTaxExpense": 3000000, "totalRevenue": 2401000000, "totalOperatingExpenses": 3873000000, "costOfRevenue": 1908000000, "totalOtherIncomeExpenseNet": -359000000, "discontinuedOperations": null, "netIncomeFromContinuingOps": -1834000000, "netIncomeApplicableToCommonShares": -1834000000}, "2022-02-28": {"researchDevelopment": null, "effectOfAccountingCharges": null, "incomeBeforeTax": -1888000000, "minorityInterest": null, "netIncome": -1891000000, "sellingGeneralAdministrative": 530000000, "grossProfit": 156000000, "ebit": -1485000000, "operatingIncome": -1485000000, "otherOperatingExpenses": 557000000, "interestExpense": -368000000, "extraordinaryItems": null, "nonRecurring": null, "otherItems": null, "incomeTaxExpense": 3000000, "totalRevenue": 1623000000, "totalOperatingExpenses": 3108000000, "costOfRevenue": 1467000000, "totalOtherIncomeExpenseNet": -403000000, "discontinuedOperations": null, "netIncomeFromContinuingOps": -1891000000, "netIncomeApplicableToCommonShares": -1891000000}, "2021-11-30": {"researchDevelopment": null, "effectOfAccountingCharges": null, "incomeBeforeTax": -2624000000, "minorityInterest": null, "netIncome": -2620000000, "sellingGeneralAdministrative": 591000000, "grossProfit": 92000000, "ebit": -1611000000, "operatingIncome": -1611000000, "otherOperatingExpenses": 560000000, "interestExpense": -348000000, "extraordinaryItems": null, "nonRecurring": null, "otherItems": null, "incomeTaxExpense": -4000000, "totalRevenue": 1287000000, "totalOperatingExpenses": 2898000000, "costOfRevenue": 1195000000, "totalOtherIncomeExpenseNet": -1013000000, "discontinuedOperations": null, "netIncomeFromContinuingOps": -2620000000, "netIncomeApplicableToCommonShares": -2620000000}, "2021-08-31": {"researchDevelopment": null, "effectOfAccountingCharges": null, "incomeBeforeTax": -2859000000, "minorityInterest": null, "netIncome": -2836000000, "sellingGeneralAdministrative": 425000000, "grossProfit": -214000000, "ebit": -1582000000, "operatingIncome": -1582000000, "otherOperatingExpenses": 381000000, "interestExpense": -418000000, "extraordinaryItems": null, "nonRecurring": null, "otherItems": null, "incomeTaxExpense": -23000000, "totalRevenue": 546000000, "totalOperatingExpenses": 2128000000, "costOfRevenue": 760000000, "totalOtherIncomeExpenseNet": -1277000000, "discontinuedOperations": null, "netIncomeFromContinuingOps": -2836000000, "netIncomeApplicableToCommonShares": -2836000000}}}, "cash": {"annual": {"2021-11-30": {"investments": -200000000, "changeToLiabilities": 1497000000, "totalCashflowsFromInvestingActivities": -3543000000, "netBorrowings": 6793000000, "totalCashFromFinancingActivities": 6949000000, "changeToOperatingActivities": -469000000, "issuanceOfStock": 1215000000, "netIncome": -9501000000, "changeInCash": -716000000, "repurchaseOfStock": -188000000, "effectOfExchangeRate": -13000000, "totalCashFromOperatingActivities": -4109000000, "depreciation": 2233000000, "otherCashflowsFromInvestingActivities": 3000000, "changeToInventory": -63000000, "changeToAccountReceivables": -7000000, "otherCashflowsFromFinancingActivities": -871000000, "changeToNetincome": 2029000000, "capitalExpenditures": -3607000000}, "2020-11-30": {"investments": -200000000, "changeToLiabilities": -2868000000, "totalCashflowsFromInvestingActivities": -3240000000, "netBorrowings": 16251000000, "totalCashFromFinancingActivities": 18650000000, "changeToOperatingActivities": -520000000, "issuanceOfStock": 3249000000, "netIncome": -10236000000, "changeInCash": 9162000000, "repurchaseOfStock": -12000000, "effectOfExchangeRate": 53000000, "totalCashFromOperatingActivities": -6301000000, "depreciation": 2241000000, "otherCashflowsFromInvestingActivities": 127000000, "dividendsPaid": -689000000, "changeToInventory": 77000000, "changeToAccountReceivables": 125000000, "otherCashflowsFromFinancingActivities": -149000000, "changeToNetincome": 4761000000, "capitalExpenditures": -3620000000}, "2019-11-30": {"investments": -200000000, "changeToLiabilities": 421000000, "totalCashflowsFromInvestingActivities": -5277000000, "netBorrowings": 1418000000, "totalCashFromFinancingActivities": -655000000, "changeToOperatingActivities": -174000000, "issuanceOfStock": 4000000, "netIncome": 2990000000, "changeInCash": -466000000, "repurchaseOfStock": -603000000, "effectOfExchangeRate": -9000000, "totalCashFromOperatingActivities": 5475000000, "depreciation": 2160000000, "otherCashflowsFromInvestingActivities": 126000000, "dividendsPaid": -1387000000, "changeToInventory": 79000000, "changeToAccountReceivables": -114000000, "otherCashflowsFromFinancingActivities": -87000000, "changeToNetincome": 91000000, "capitalExpenditures": -5429000000}, "2018-11-30": {"investments": -200000000, "changeToLiabilities": 515000000, "totalCashflowsFromInvestingActivities": -3514000000, "netBorrowings": 1403000000, "totalCashFromFinancingActivities": -1460000000, "changeToOperatingActivities": -26000000, "issuanceOfStock": 3000000, "netIncome": 3152000000, "changeInCash": 574000000, "repurchaseOfStock": -1468000000, "effectOfExchangeRate": -1000000, "totalCashFromOperatingActivities": 5549000000, "depreciation": 2017000000, "otherCashflowsFromInvestingActivities": -19000000, "dividendsPaid": -1355000000, "changeToInventory": -67000000, "changeToAccountReceivables": -58000000, "otherCashflowsFromFinancingActivities": -43000000, "changeToNetincome": 16000000, "capitalExpenditures": -3749000000}}, "quarterly": {"2022-05-31": {"investments": 364000000, "changeToLiabilities": 1587000000, "totalCashflowsFromInvestingActivities": -75000000, "netBorrowings": 740000000, "totalCashFromFinancingActivities": 735000000, "changeToOperatingActivities": -274000000, "issuanceOfStock": 77000000, "netIncome": -1834000000, "changeInCash": 636000000, "repurchaseOfStock": -59000000, "effectOfExchangeRate": -27000000, "totalCashFromOperatingActivities": 3000000, "depreciation": 572000000, "otherCashflowsFromInvestingActivities": 15000000, "changeToInventory": -42000000, "changeToAccountReceivables": -98000000, "otherCashflowsFromFinancingActivities": -23000000, "changeToNetincome": 52000000, "capitalExpenditures": -491000000}, "2022-02-28": {"investments": -315000000, "changeToLiabilities": 163000000, "totalCashflowsFromInvestingActivities": -3032000000, "netBorrowings": 1796000000, "totalCashFromFinancingActivities": 1728000000, "changeToOperatingActivities": -109000000, "issuanceOfStock": 42000000, "netIncome": -1891000000, "changeInCash": -2524000000, "repurchaseOfStock": -23000000, "effectOfExchangeRate": -8000000, "totalCashFromOperatingActivities": -1212000000, "depreciation": 554000000, "otherCashflowsFromInvestingActivities": -5000000, "changeToInventory": -37000000, "changeToAccountReceivables": -22000000, "otherCashflowsFromFinancingActivities": -87000000, "changeToNetincome": 84000000, "capitalExpenditures": -2730000000}, "2021-11-30": {"investments": 446000000, "changeToLiabilities": 585000000, "totalCashflowsFromInvestingActivities": -8000000, "netBorrowings": 2383000000, "totalCashFromFinancingActivities": 2050000000, "changeToOperatingActivities": 294000000, "issuanceOfStock": 107000000, "netIncome": -2620000000, "changeInCash": 1647000000, "repurchaseOfStock": -94000000, "effectOfExchangeRate": -26000000, "totalCashFromOperatingActivities": -368000000, "depreciation": 552000000, "otherCashflowsFromInvestingActivities": 33000000, "changeToInventory": -44000000, "changeToAccountReceivables": 30000000, "otherCashflowsFromFinancingActivities": -346000000, "changeToNetincome": 794000000, "capitalExpenditures": -487000000}, "2021-08-31": {"investments": 1558000000, "changeToLiabilities": 786000000, "totalCashflowsFromInvestingActivities": 620000000, "netBorrowings": 778000000, "totalCashFromFinancingActivities": 376000000, "changeToOperatingActivities": -303000000, "issuanceOfStock": 112000000, "netIncome": -2836000000, "changeInCash": 111000000, "repurchaseOfStock": -94000000, "effectOfExchangeRate": -6000000, "totalCashFromOperatingActivities": -879000000, "depreciation": 562000000, "otherCashflowsFromInvestingActivities": -2000000, "changeToInventory": -19000000, "changeToAccountReceivables": -68000000, "otherCashflowsFromFinancingActivities": -420000000, "changeToNetincome": 951000000, "capitalExpenditures": -963000000}}}}, "RCL": {"balance": {"annual": {"2021-12-31": {"intangibleAssets": 434556000, "capitalSurplus": 7557297000, "totalLiab": 27172799000, "totalStockholderEquity": 5085556000, "otherCurrentLiab": 3288103000, "totalAssets": 32258355000, "commonStock": 2827000, "otherCurrentAssets": 47706000, "retainedEarnings": 302276000, "otherLiab": 443101000, "goodWill": 809383000, "treasuryStock": -2776844000, "otherAssets": 964068000, "cash": 2701770000, "totalCurrentLiabilities": 7285683000, "shortLongTermDebt": 2191661000, "otherStockholderEquity": -710885000, "propertyPlantEquipment": 26450077000, "totalCurrentAssets": 3600271000, "netTangibleAssets": 3841617000, "netReceivables": 408067000, "longTermDebt": 18488484000, "inventory": 150224000, "accountsPayable": 545978000}, "2020-12-31": {"intangibleAssets": 444854000, "capitalSurplus": 5998574000, "totalLiab": 23704518000, "totalStockholderEquity": 8760669000, "otherCurrentLiab": 1841517000, "totalAssets": 32465187000, "commonStock": 2652000, "otherCurrentAssets": 69821000, "retainedEarnings": 5562775000, "otherLiab": 500912000, "goodWill": 809480000, "treasuryStock": -2803332000, "otherAssets": 1035255000, "cash": 3684474000, "totalCurrentLiabilities": 4537121000, "shortLongTermDebt": 909912000, "otherStockholderEquity": -739341000, "propertyPlantEquipment": 25846580000, "totalCurrentAssets": 4311747000, "longTermInvestments": 17271000, "netTangibleAssets": 7506335000, "netReceivables": 284149000, "longTermDebt": 17941100000, "inventory": 118703000, "accountsPayable": 353422000}, "2019-12-31": {"intangibleAssets": 488575000, "capitalSurplus": 3493959000, "totalLiab": 17586457000, "totalStockholderEquity": 12163846000, "minorityInterest": 569981000, "otherCurrentLiab": 3523013000, "totalAssets": 30320284000, "commonStock": 2365000, "otherCurrentAssets": 21751000, "retainedEarnings": 11523326000, "otherLiab": 553642000, "goodWill": 1385644000, "treasuryStock": -2855804000, "otherAssets": 1129063000, "cash": 243738000, "totalCurrentLiabilities": 7952896000, "shortLongTermDebt": 1153025000, "otherStockholderEquity": -797713000, "propertyPlantEquipment": 26154363000, "totalCurrentAssets": 1162628000, "longTermInvestments": 11000, "netTangibleAssets": 10289627000, "netReceivables": 305821000, "longTermDebt": 8281581000, "inventory": 162107000, "accountsPayable": 563706000}, "2018-12-31": {"intangibleAssets": 502103000, "capitalSurplus": 3420900000, "totalLiab": 16050789000, "totalStockholderEquity": 11105461000, "minorityInterest": 542020000, "otherCurrentLiab": 3227313000, "totalAssets": 27698270000, "commonStock": 2358000, "otherCurrentAssets": 19565000, "retainedEarnings": 10263282000, "otherLiab": 542787000, "goodWill": 1378353000, "treasuryStock": -2581079000, "otherAssets": 1086089000, "cash": 287852000, "totalCurrentLiabilities": 7112165000, "shortLongTermDebt": 1646841000, "otherStockholderEquity": -627734000, "propertyPlantEquipment": 23466163000, "totalCurrentAssets": 1242044000, "longTermInvestments": 23518000, "netTangibleAssets": 9225005000, "netReceivables": 324507000, "longTermDebt": 8264893000, "inventory": 153573000, "accountsPayable": 488212000}}, "quarterly": {"2022-06-30": {"capitalSurplus": 7254939000, "totalLiab": 30545147000, "totalStockholderEquity": 3398098000, "otherCurrentLiab": 4255927000, "totalAssets": 33943245000, "commonStock": 2831000, "otherCurrentAssets": 172276000, "retainedEarnings": -1240191000, "otherLiab": 517884000, "goodWill": 809298000, "treasuryStock": -2619481000, "otherAssets": 1390596000, "cash": 2102205000, "totalCurrentLiabilities": 11719382000, "shortLongTermDebt": 5428380000, "otherStockholderEquity": -551252000, "propertyPlantEquipment": 28125884000, "totalCurrentAssets": 3560888000, "longTermInvestments": 56579000, "netTangibleAssets": 2588800000, "netReceivables": 565014000, "longTermDebt": 17361934000, "inventory": 229108000, "accountsPayable": 760864000}, "2022-03-31": {"capitalSurplus": 7267545000, "totalLiab": 28951070000, "totalStockholderEquity": 3988928000, "otherCurrentLiab": 3668955000, "totalAssets": 32939998000, "commonStock": 2830000, "otherCurrentAssets": 177420000, "retainedEarnings": -718609000, "otherLiab": 475397000, "goodWill": 809435000, "treasuryStock": -2562838000, "otherAssets": 1453434000, "cash": 1968504000, "totalCurrentLiabilities": 8007164000, "shortLongTermDebt": 2507929000, "otherStockholderEquity": -494609000, "propertyPlantEquipment": 27476399000, "totalCurrentAssets": 3176939000, "longTermInvestments": 23791000, "netTangibleAssets": 3179493000, "netReceivables": 506160000, "longTermDebt": 19566732000, "inventory": 179466000, "accountsPayable": 668158000}, "2021-12-31": {"intangibleAssets": 434556000, "capitalSurplus": 7557297000, "totalLiab": 27172799000, "totalStockholderEquity": 5085556000, "otherCurrentLiab": 3288103000, "totalAssets": 32258355000, "commonStock": 2827000, "otherCurrentAssets": 47706000, "retainedEarnings": 302276000, "otherLiab": 443101000, "goodWill": 809383000, "treasuryStock": -2776844000, "otherAssets": 964068000, "cash": 2701770000, "totalCurrentLiabilities": 7285683000, "shortLongTermDebt": 2191661000, "otherStockholderEquity": -710885000, "propertyPlantEquipment": 26450077000, "totalCurrentAssets": 3600271000, "netTangibleAssets": 3841617000, "netReceivables": 408067000, "longTermDebt": 18488484000, "inventory": 150224000, "accountsPayable": 545978000}, "2021-09-30": {"capitalSurplus": 7547210000, "totalLiab": 26198068000, "totalStockholderEquity": 6467498000, "otherCurrentLiab": 2845455000, "totalAssets": 32665566000, "commonStock": 2827000, "otherCurrentAssets": 70391000, "retainedEarnings": 1659244000, "otherLiab": 434398000, "goodWill": 809373000, "treasuryStock": -2741783000, "otherAssets": 1418469000, "cash": 3289326000, "totalCurrentLiabilities": 5242920000, "shortLongTermDebt": 924452000, "otherStockholderEquity": -675824000, "propertyPlantEquipment": 26259936000, "totalCurrentAssets": 4167381000, "longTermInvestments": 10407000, "netTangibleAssets": 5658125000, "netReceivables": 397232000, "longTermDebt": 19797377000, "inventory": 142408000, "accountsPayable": 461411000}}}, "income": {"annual": {"2021-12-31": {"researchDevelopment": null, "effectOfAccountingCharges": null, "incomeBeforeTax": -5305699000, "minorityInterest": null, "netIncome": -5260499000, "sellingGeneralAdministrative": 1412197000, "grossProfit": -1083258000, "ebit": -3788333000, "operatingIncome": -3788333000, "otherOperatingExpenses": null, "interestExpense": -1291753000, "extraordinaryItems": null, "nonRecurring": null, "otherItems": null, "incomeTaxExpense": -45200000, "totalRevenue": 1532133000, "totalOperatingExpenses": 5320466000, "costOfRevenue": 2615391000, "totalOtherIncomeExpenseNet": -1517366000, "discontinuedOperations": null, "netIncomeFromContinuingOps": -5260499000, "netIncomeApplicableToCommonShares": -5260499000}, "2020-12-31": {"researchDevelopment": null, "effectOfAccountingCharges": null, "incomeBeforeTax": -5790130000, "minorityInterest": null, "netIncome": -5797462000, "sellingGeneralAdministrative": 1268924000, "grossProfit": -486999000, "ebit": -3035177000, "operatingIncome": -3035177000, "otherOperatingExpenses": null, "interestExpense": -844238000, "extraordinaryItems": null, "nonRecurring": null, "otherItems": null, "incomeTaxExpense": -15000000, "totalRevenue": 2208805000, "totalOperatingExpenses": 5243982000, "costOfRevenue": 2695804000, "totalOtherIncomeExpenseNet": -2754953000, "discontinuedOperations": null, "netIncomeFromContinuingOps": -5775130000, "netIncomeApplicableToCommonShares": -5797462000}, "2019-12-31": {"researchDevelopment": null, "effectOfAccountingCharges": null, "incomeBeforeTax": 1940200000, "minorityInterest": 569981000, "netIncome": 1878887000, "sellingGeneralAdministrative": 1663347000, "grossProfit": 4991990000, "ebit": 2082701000, "operatingIncome": 2082701000, "otherOperatingExpenses": null, "interestExpense": -408513000, "extraordinaryItems": null, "nonRecurring": null, "otherItems": null, "incomeTaxExpense": 32600000, "totalRevenue": 10950661000, "totalOperatingExpenses": 8867960000, "costOfRevenue": 5958671000, "totalOtherIncomeExpenseNet": -142501000, "discontinuedOperations": null, "netIncomeFromContinuingOps": 1907600000, "netIncomeApplicableToCommonShares": 1878887000}, "2018-12-31": {"researchDevelopment": null, "effectOfAccountingCharges": null, "incomeBeforeTax": 1836692000, "minorityInterest": 542020000, "netIncome": 1811042000, "sellingGeneralAdministrative": 1303144000, "grossProfit": 4231642000, "ebit": 1894801000, "operatingIncome": 1894801000, "otherOperatingExpenses": null, "interestExpense": -333672000, "extraordinaryItems": null, "nonRecurring": null, "otherItems": null, "incomeTaxExpense": 20900000, "totalRevenue": 9493849000, "totalOperatingExpenses": 7599048000, "costOfRevenue": 5262207000, "totalOtherIncomeExpenseNet": -58109000, "discontinuedOperations": null, "netIncomeFromContinuingOps": 1815792000, "netIncomeApplicableToCommonShares": 1811042000}}, "quarterly": {"2022-06-30": {"researchDevelopment": null, "effectOfAccountingCharges": null, "incomeBeforeTax": -521582000, "minorityInterest": null, "netIncome": -521582000, "sellingGeneralAdministrative": 404039000, "grossProfit": 526896000, "ebit": -228685000, "operatingIncome": -228685000, "otherOperatingExpenses": null, "interestExpense": -302706000, "extraordinaryItems": null, "nonRecurring": null, "otherItems": null, "incomeTaxExpense": 0, "totalRevenue": 2184242000, "totalOperatingExpenses": 2412927000, "costOfRevenue": 1657346000, "totalOtherIncomeExpenseNet": -292897000, "discontinuedOperations": null, "netIncomeFromContinuingOps": -521582000, "netIncomeApplicableToCommonShares": -521582000}, "2022-03-31": {"researchDevelopment": null, "effectOfAccountingCharges": null, "incomeBeforeTax": -1167142000, "minorityInterest": null, "netIncome": -1167142000, "sellingGeneralAdministrative": 422230000, "grossProfit": -97338000, "ebit": -859035000, "operatingIncome": -859035000, "otherOperatingExpenses": null, "interestExpense": -277659000, "extraordinaryItems": null, "nonRecurring": null, "otherItems": null, "incomeTaxExpense": 0, "totalRevenue": 1059231000, "totalOperatingExpenses": 1918266000, "costOfRevenue": 1156569000, "totalOtherIncomeExpenseNet": -308107000, "discontinuedOperations": null, "netIncomeFromContinuingOps": -1167142000, "netIncomeApplicableToCommonShares": -1167142000}, "2021-12-31": {"researchDevelopment": null, "effectOfAccountingCharges": null, "incomeBeforeTax": -1402168000, "minorityInterest": null, "netIncome": -1356968000, "sellingGeneralAdministrative": 528185000, "grossProfit": -128127000, "ebit": -989678000, "operatingIncome": -989678000, "otherOperatingExpenses": null, "interestExpense": -283767000, "extraordinaryItems": null, "nonRecurring": null, "otherItems": null, "incomeTaxExpense": -45200000, "totalRevenue": 982247000, "totalOperatingExpenses": 1971925000, "costOfRevenue": 1110374000, "totalOtherIncomeExpenseNet": -412490000, "discontinuedOperations": null, "netIncomeFromContinuingOps": -1356968000, "netIncomeApplicableToCommonShares": -1356968000}, "2021-09-30": {"researchDevelopment": null, "effectOfAccountingCharges": null, "incomeBeforeTax": -1424554000, "minorityInterest": null, "netIncome": -1424554000, "sellingGeneralAdministrative": 330472000, "grossProfit": -349683000, "ebit": -1006062000, "operatingIncome": -1006062000, "otherOperatingExpenses": null, "interestExpense": -430661000, "extraordinaryItems": null, "nonRecurring": null, "otherItems": null, "incomeTaxExpense": 0, "totalRevenue": 456958000, "totalOperatingExpenses": 1463020000, "costOfRevenue": 806641000, "totalOtherIncomeExpenseNet": -418492000, "discontinuedOperations": null, "netIncomeFromContinuingOps": -1424554000, "netIncomeApplicableToCommonShares": -1424554000}}}, "cash": {"annual": {"2021-12-31": {"investments": -70228000, "changeToLiabilities": 188518000, "totalCashflowsFromInvestingActivities": -2144739000, "netBorrowings": 1756229000, "totalCashFromFinancingActivities": 3040577000, "changeToOperatingActivities": 1509328000, "issuanceOfStock": 1621860000, "netIncome": -5260499000, "changeInCash": -982704000, "effectOfExchangeRate": -727000, "totalCashFromOperatingActivities": -1877815000, "depreciation": 1292878000, "otherCashflowsFromInvestingActivities": -20846000, "changeToInventory": -34527000, "changeToAccountReceivables": -181707000, "otherCashflowsFromFinancingActivities": -337512000, "changeToNetincome": 359639000, "capitalExpenditures": -2229704000}, "2020-12-31": {"investments": -100609000, "changeToLiabilities": -133815000, "totalCashflowsFromInvestingActivities": -2178566000, "netBorrowings": 8630237000, "totalCashFromFinancingActivities": 9349788000, "changeToOperatingActivities": -1345585000, "issuanceOfStock": 1431375000, "netIncome": -5797462000, "changeInCash": 3440736000, "effectOfExchangeRate": 1167000, "totalCashFromOperatingActivities": -3731653000, "depreciation": 1279254000, "otherCashflowsFromInvestingActivities": -140622000, "dividendsPaid": -326421000, "changeToInventory": 27077000, "changeToAccountReceivables": 121055000, "otherCashflowsFromFinancingActivities": -385403000, "changeToNetincome": 1961605000, "capitalExpenditures": -1965131000}, "2019-12-31": {"investments": -25569000, "changeToLiabilities": 75281000, "totalCashflowsFromInvestingActivities": -3091406000, "netBorrowings": 92749000, "totalCashFromFinancingActivities": -670371000, "changeToOperatingActivities": 387838000, "issuanceOfStock": 1431375000, "netIncome": 1878887000, "changeInCash": -44114000, "repurchaseOfStock": -99582000, "effectOfExchangeRate": 1297000, "totalCashFromOperatingActivities": 3716366000, "depreciation": 1245942000, "otherCashflowsFromInvestingActivities": -41174000, "dividendsPaid": -602674000, "changeToInventory": -8533000, "changeToAccountReceivables": -9898000, "otherCashflowsFromFinancingActivities": -60864000, "changeToNetincome": 83242000, "capitalExpenditures": -3024663000}, "2018-12-31": {"investments": -13957000, "changeToLiabilities": 91737000, "totalCashflowsFromInvestingActivities": -4489158000, "netBorrowings": 2392065000, "totalCashFromFinancingActivities": 1198073000, "changeToOperatingActivities": 375930000, "issuanceOfStock": 1431375000, "netIncome": 1811042000, "changeInCash": 167740000, "repurchaseOfStock": -575039000, "effectOfExchangeRate": -20314000, "totalCashFromOperatingActivities": 3479139000, "depreciation": 1033697000, "otherCashflowsFromInvestingActivities": 100962000, "dividendsPaid": -527494000, "changeToInventory": -23849000, "changeToAccountReceivables": -9573000, "otherCashflowsFromFinancingActivities": -91459000, "changeToNetincome": 147173000, "capitalExpenditures": -3660028000}}, "quarterly": {"2022-06-30": {"investments": -614000, "changeToLiabilities": 109320000, "totalCashflowsFromInvestingActivities": -1084406000, "netBorrowings": 782422000, "totalCashFromFinancingActivities": 742032000, "changeToOperatingActivities": 692674000, "netIncome": -521582000, "changeInCash": 133701000, "effectOfExchangeRate": -2565000, "totalCashFromOperatingActivities": 478640000, "depreciation": 351542000, "otherCashflowsFromInvestingActivities": -129141000, "changeToInventory": -49642000, "changeToAccountReceivables": -169369000, "otherCashflowsFromFinancingActivities": -40390000, "changeToNetincome": 24153000, "capitalExpenditures": -954661000}, "2022-03-31": {"investments": -614000, "changeToLiabilities": 112426000, "totalCashflowsFromInvestingActivities": -1443141000, "netBorrowings": 1342337000, "totalCashFromFinancingActivities": 1237731000, "changeToOperatingActivities": 163072000, "netIncome": -1167142000, "changeInCash": -733266000, "effectOfExchangeRate": 991000, "totalCashFromOperatingActivities": -528847000, "depreciation": 339467000, "otherCashflowsFromInvestingActivities": -80120000, "changeToInventory": -29242000, "changeToAccountReceivables": -32236000, "otherCashflowsFromFinancingActivities": -104606000, "changeToNetincome": 41618000, "capitalExpenditures": -1363086000}, "2021-12-31": {"investments": -144000, "changeToLiabilities": 81303000, "totalCashflowsFromInvestingActivities": -584505000, "netBorrowings": 239232000, "totalCashFromFinancingActivities": 202018000, "changeToOperatingActivities": 610929000, "netIncome": -1356968000, "changeInCash": -587556000, "effectOfExchangeRate": -23000, "totalCashFromOperatingActivities": -205046000, "depreciation": 333366000, "otherCashflowsFromInvestingActivities": -9528000, "changeToInventory": -7816000, "changeToAccountReceivables": 43828000, "otherCashflowsFromFinancingActivities": -37214000, "changeToNetincome": 29785000, "capitalExpenditures": -575433000}, "2021-09-30": {"investments": -144000, "changeToLiabilities": 69142000, "totalCashflowsFromInvestingActivities": -376559000, "netBorrowings": -27020000, "totalCashFromFinancingActivities": -180433000, "changeToOperatingActivities": 449680000, "netIncome": -1424554000, "changeInCash": -961043000, "effectOfExchangeRate": -836000, "totalCashFromOperatingActivities": -403215000, "depreciation": 325907000, "otherCashflowsFromInvestingActivities": -8463000, "changeToInventory": -9520000, "changeToAccountReceivables": -44973000, "otherCashflowsFromFinancingActivities": -153413000, "changeToNetincome": 172184000, "capitalExpenditures": -368096000}}}}, "NCLH": {"balance": {"annual": {"2021-12-31": {"intangibleAssets": 500525000, "capitalSurplus": 7513725000, "totalLiab": 16297187000, "totalStockholderEquity": 2432650000, "otherCurrentLiab": 1659928000, "totalAssets": 18729837000, "commonStock": 417000, "otherCurrentAssets": 160283000, "retainedEarnings": -4796406000, "otherLiab": 326367000, "goodWill": 98134000, "treasuryStock": -285086000, "otherAssets": 506617000, "cash": 1506647000, "totalCurrentLiabilities": 3730432000, "shortLongTermDebt": 873493000, "otherStockholderEquity": -285086000, "propertyPlantEquipment": 14322993000, "totalCurrentAssets": 3301568000, "netTangibleAssets": 1833991000, "shortTermInvestments": 240000000, "netReceivables": 1167473000, "longTermDebt": 11567853000, "inventory": 118205000, "accountsPayable": 233172000}, "2020-12-31": {"intangibleAssets": 500525000, "capitalSurplus": 4889355000, "totalLiab": 14045212000, "totalStockholderEquity": 4354105000, "otherCurrentLiab": 1160577000, "totalAssets": 18399317000, "commonStock": 316000, "otherCurrentAssets": 52579000, "retainedEarnings": -295449000, "otherLiab": 264209000, "goodWill": 98134000, "treasuryStock": -240117000, "otherAssets": 622851000, "cash": 3300482000, "totalCurrentLiabilities": 1913903000, "shortLongTermDebt": 126518000, "otherStockholderEquity": -240117000, "propertyPlantEquipment": 13620263000, "totalCurrentAssets": 3557544000, "netTangibleAssets": 3755446000, "netReceivables": 20578000, "longTermDebt": 11677038000, "inventory": 82381000, "accountsPayable": 83136000}, "2019-12-31": {"intangibleAssets": 827775000, "capitalSurplus": 4235690000, "totalLiab": 10169020000, "totalStockholderEquity": 6515579000, "otherCurrentLiab": 1988455000, "totalAssets": 16684599000, "commonStock": 237000, "otherCurrentAssets": 193200000, "retainedEarnings": 3829068000, "otherLiab": 320191000, "goodWill": 1388931000, "treasuryStock": -1549416000, "otherAssets": 365807000, "cash": 252876000, "totalCurrentLiabilities": 3584390000, "shortLongTermDebt": 742117000, "otherStockholderEquity": -295490000, "propertyPlantEquipment": 13371941000, "totalCurrentAssets": 730145000, "netTangibleAssets": 4298873000, "netReceivables": 75109000, "longTermDebt": 6048384000, "inventory": 95427000, "accountsPayable": 100777000}, "2018-12-31": {"intangibleAssets": 846263000, "capitalSurplus": 4129639000, "totalLiab": 9242969000, "totalStockholderEquity": 5963001000, "otherCurrentLiab": 1617911000, "totalAssets": 15205970000, "commonStock": 235000, "otherCurrentAssets": 156668000, "retainedEarnings": 2898840000, "otherLiab": 281596000, "goodWill": 1388931000, "treasuryStock": -1065713000, "otherAssets": 301183000, "cash": 163851000, "totalCurrentLiabilities": 3150500000, "shortLongTermDebt": 681218000, "otherStockholderEquity": -161647000, "propertyPlantEquipment": 12119253000, "totalCurrentAssets": 550313000, "longTermInvestments": 27000, "netTangibleAssets": 3727807000, "netReceivables": 55249000, "longTermDebt": 5771349000, "inventory": 90202000, "accountsPayable": 159564000}}, "quarterly": {"2022-06-30": {"intangibleAssets": 500525000, "capitalSurplus": 7567129000, "totalLiab": 18211385000, "totalStockholderEquity": 901815000, "otherCurrentLiab": 2665003000, "totalAssets": 19113200000, "commonStock": 419000, "otherCurrentAssets": 120187000, "retainedEarnings": -6288441000, "otherLiab": 271435000, "goodWill": 98134000, "treasuryStock": -377292000, "otherAssets": 946769000, "cash": 1903238000, "totalCurrentLiabilities": 5033462000, "shortLongTermDebt": 1005198000, "otherStockholderEquity": -377292000, "propertyPlantEquipment": 14436025000, "totalCurrentAssets": 3131747000, "netTangibleAssets": 303156000, "netReceivables": 598256000, "longTermDebt": 12239362000, "inventory": 154397000, "accountsPayable": 100336000}, "2022-03-31": {"intangibleAssets": 500525000, "capitalSurplus": 7537111000, "totalLiab": 17747890000, "totalStockholderEquity": 1507602000, "otherCurrentLiab": 2112170000, "totalAssets": 19255492000, "commonStock": 419000, "otherCurrentAssets": 109925000, "retainedEarnings": -5779120000, "otherLiab": 336610000, "goodWill": 98134000, "treasuryStock": -250808000, "otherAssets": 1111039000, "cash": 2136840000, "totalCurrentLiabilities": 4176680000, "shortLongTermDebt": 1009741000, "otherStockholderEquity": -250808000, "propertyPlantEquipment": 14331284000, "totalCurrentAssets": 3214510000, "netTangibleAssets": 908943000, "netReceivables": 544961000, "longTermDebt": 12563518000, "inventory": 141956000, "accountsPayable": 91786000}, "2021-12-31": {"intangibleAssets": 500525000, "capitalSurplus": 7513725000, "totalLiab": 16297187000, "totalStockholderEquity": 2432650000, "otherCurrentLiab": 1659928000, "totalAssets": 18729837000, "commonStock": 417000, "otherCurrentAssets": 160283000, "retainedEarnings": -4796406000, "otherLiab": 326367000, "goodWill": 98134000, "treasuryStock": -285086000, "otherAssets": 506617000, "cash": 1506647000, "totalCurrentLiabilities": 3730432000, "shortLongTermDebt": 873493000, "otherStockholderEquity": -285086000, "propertyPlantEquipment": 14322993000, "totalCurrentAssets": 3301568000, "netTangibleAssets": 1833991000, "shortTermInvestments": 240000000, "netReceivables": 1167473000, "longTermDebt": 11567853000, "inventory": 118205000, "accountsPayable": 233172000}, "2021-09-30": {"intangibleAssets": 500525000, "capitalSurplus": 6371545000, "totalLiab": 15846788000, "totalStockholderEquity": 2883239000, "otherCurrentLiab": 1531248000, "totalAssets": 18730027000, "commonStock": 370000, "otherCurrentAssets": 33954000, "retainedEarnings": -3223685000, "otherLiab": 380103000, "goodWill": 98134000, "treasuryStock": -264991000, "otherAssets": 580744000, "cash": 1934816000, "totalCurrentLiabilities": 2939848000, "shortLongTermDebt": 540459000, "otherStockholderEquity": -264991000, "propertyPlantEquipment": 14269423000, "totalCurrentAssets": 3281201000, "netTangibleAssets": 2284580000, "netReceivables": 990384000, "longTermDebt": 11862659000, "inventory": 108177000, "accountsPayable": 94951000}}}, "income": {"annual": {"2021-12-31": {"researchDevelopment": null, "effectOfAccountingCharges": null, "incomeBeforeTax": -4501320000, "minorityInterest": null, "netIncome": -4506587000, "sellingGeneralAdministrative": 891845000, "grossProfit": -960051000, "ebit": -2552741000, "operatingIncome": -2552741000, "otherOperatingExpenses": null, "interestExpense": -644112000, "extraordinaryItems": null, "nonRecurring": null, "otherItems": null, "incomeTaxExpense": 5267000, "totalRevenue": 647986000, "totalOperatingExpenses": 3200727000, "costOfRevenue": 1608037000, "totalOtherIncomeExpenseNet": -1948579000, "discontinuedOperations": null, "netIncomeFromContinuingOps": -4506587000, "netIncomeApplicableToCommonShares": -4506587000}, "2020-12-31": {"researchDevelopment": null, "effectOfAccountingCharges": null, "incomeBeforeTax": -4000047000, "minorityInterest": null, "netIncome": -4012514000, "sellingGeneralAdministrative": 745752000, "grossProfit": -413153000, "ebit": -1851205000, "operatingIncome": -1851205000, "otherOperatingExpenses": null, "interestExpense": -454518000, "extraordinaryItems": null, "nonRecurring": null, "otherItems": null, "incomeTaxExpense": 12467000, "totalRevenue": 1279908000, "totalOperatingExpenses": 3131113000, "costOfRevenue": 1693061000, "totalOtherIncomeExpenseNet": -2148842000, "discontinuedOperations": null, "netIncomeFromContinuingOps": -4012514000, "netIncomeApplicableToCommonShares": -4012514000}, "2019-12-31": {"researchDevelopment": null, "effectOfAccountingCharges": null, "incomeBeforeTax": 911365000, "minorityInterest": null, "netIncome": 930228000, "sellingGeneralAdministrative": 968714000, "grossProfit": 2799115000, "ebit": 1184213000, "operatingIncome": 1184213000, "otherOperatingExpenses": null, "interestExpense": -256191000, "extraordinaryItems": null, "nonRecurring": null, "otherItems": null, "incomeTaxExpense": -18863000, "totalRevenue": 6462376000, "totalOperatingExpenses": 5278163000, "costOfRevenue": 3663261000, "totalOtherIncomeExpenseNet": -272848000, "discontinuedOperations": null, "netIncomeFromContinuingOps": 930228000, "netIncomeApplicableToCommonShares": 930228000}, "2018-12-31": {"researchDevelopment": null, "effectOfAccountingCharges": null, "incomeBeforeTax": 969310000, "minorityInterest": null, "netIncome": 954843000, "sellingGeneralAdministrative": 898355000, "grossProfit": 2678050000, "ebit": 1218635000, "operatingIncome": 1218635000, "otherOperatingExpenses": null, "interestExpense": -264058000, "extraordinaryItems": null, "nonRecurring": null, "otherItems": null, "incomeTaxExpense": 14467000, "totalRevenue": 6055126000, "totalOperatingExpenses": 4836491000, "costOfRevenue": 3377076000, "totalOtherIncomeExpenseNet": -249325000, "discontinuedOperations": null, "netIncomeFromContinuingOps": 954843000, "netIncomeApplicableToCommonShares": 954843000}}, "quarterly": {"2022-06-30": {"researchDevelopment": null, "effectOfAccountingCharges": null, "incomeBeforeTax": -510188000, "minorityInterest": null, "netIncome": -509321000, "sellingGeneralAdministrative": 329080000, "grossProfit": 113865000, "ebit": -396802000, "operatingIncome": -396802000, "otherOperatingExpenses": null, "interestExpense": -144377000, "extraordinaryItems": null, "nonRecurring": null, "otherItems": null, "incomeTaxExpense": -867000, "totalRevenue": 1187181000, "totalOperatingExpenses": 1583983000, "costOfRevenue": 1073316000, "totalOtherIncomeExpenseNet": -113386000, "discontinuedOperations": null, "netIncomeFromContinuingOps": -509321000, "netIncomeApplicableToCommonShares": -509321000}, "2022-03-31": {"researchDevelopment": null, "effectOfAccountingCharges": null, "incomeBeforeTax": -978321000, "minorityInterest": null, "netIncome": -982714000, "sellingGeneralAdministrative": 296302000, "grossProfit": -213473000, "ebit": -688851000, "operatingIncome": -688851000, "otherOperatingExpenses": null, "interestExpense": -139252000, "extraordinaryItems": null, "nonRecurring": null, "otherItems": null, "incomeTaxExpense": 4393000, "totalRevenue": 521940000, "totalOperatingExpenses": 1210791000, "costOfRevenue": 735413000, "totalOtherIncomeExpenseNet": -289470000, "discontinuedOperations": null, "netIncomeFromContinuingOps": -982714000, "netIncomeApplicableToCommonShares": -982714000}, "2021-12-31": {"researchDevelopment": null, "effectOfAccountingCharges": null, "incomeBeforeTax": -1570403000, "minorityInterest": null, "netIncome": -1572721000, "sellingGeneralAdministrative": 273730000, "grossProfit": -230262000, "ebit": -686970000, "operatingIncome": -686970000, "otherOperatingExpenses": null, "interestExpense": -178433000, "extraordinaryItems": null, "nonRecurring": null, "otherItems": null, "incomeTaxExpense": 2318000, "totalRevenue": 487437000, "totalOperatingExpenses": 1174407000, "costOfRevenue": 717699000, "totalOtherIncomeExpenseNet": -883433000, "discontinuedOperations": null, "netIncomeFromContinuingOps": -1572721000, "netIncomeApplicableToCommonShares": -1572721000}, "2021-09-30": {"researchDevelopment": null, "effectOfAccountingCharges": null, "incomeBeforeTax": -845591000, "minorityInterest": null, "netIncome": -845885000, "sellingGeneralAdministrative": 229142000, "grossProfit": -286675000, "ebit": -689106000, "operatingIncome": -689106000, "otherOperatingExpenses": null, "interestExpense": -157643000, "extraordinaryItems": null, "nonRecurring": null, "otherItems": null, "incomeTaxExpense": 294000, "totalRevenue": 153081000, "totalOperatingExpenses": 842187000, "costOfRevenue": 439756000, "totalOtherIncomeExpenseNet": -156485000, "discontinuedOperations": null, "netIncomeFromContinuingOps": -845885000, "netIncomeApplicableToCommonShares": -845885000}}}, "cash": {"annual": {"2021-12-31": {"investments": -240000000, "changeToLiabilities": 673936000, "totalCashflowsFromInvestingActivities": -1004044000, "netBorrowings": 488254000, "totalCashFromFinancingActivities": 1678218000, "changeToOperatingActivities": 319455000, "issuanceOfStock": 2668984000, "netIncome": -4506587000, "changeInCash": -1793835000, "repurchaseOfStock": -16687000, "totalCashFromOperatingActivities": -2468009000, "depreciation": 758604000, "otherCashflowsFromInvestingActivities": -11201000, "changeToInventory": -37481000, "changeToAccountReceivables": -1159998000, "otherCashflowsFromFinancingActivities": -1462333000, "changeToNetincome": 1484062000, "capitalExpenditures": -752843000}, "2020-12-31": {"investments": -240000000, "changeToLiabilities": -833265000, "totalCashflowsFromInvestingActivities": -975362000, "netBorrowings": 5182609000, "totalCashFromFinancingActivities": 6579211000, "changeToOperatingActivities": -283466000, "issuanceOfStock": 1547265000, "netIncome": -4012514000, "changeInCash": 3047606000, "repurchaseOfStock": -15407000, "totalCashFromOperatingActivities": -2556243000, "depreciation": 714079000, "otherCashflowsFromInvestingActivities": -28817000, "changeToInventory": 10555000, "changeToAccountReceivables": 30797000, "otherCashflowsFromFinancingActivities": -135256000, "changeToNetincome": 1817571000, "capitalExpenditures": -946545000}, "2019-12-31": {"investments": -240000000, "changeToLiabilities": 288741000, "totalCashflowsFromInvestingActivities": -1680192000, "netBorrowings": 315565000, "totalCashFromFinancingActivities": -53388000, "changeToOperatingActivities": -103323000, "issuanceOfStock": 31937000, "netIncome": 930228000, "changeInCash": 89025000, "repurchaseOfStock": -370799000, "totalCashFromOperatingActivities": 1822605000, "depreciation": 647102000, "otherCashflowsFromInvestingActivities": -43022000, "changeToInventory": -6155000, "changeToAccountReceivables": -14104000, "otherCashflowsFromFinancingActivities": -30091000, "changeToNetincome": 80116000, "capitalExpenditures": -1637170000}, "2018-12-31": {"investments": -240000000, "changeToLiabilities": 368990000, "totalCashflowsFromInvestingActivities": -1502708000, "netBorrowings": 188621000, "totalCashFromFinancingActivities": -584802000, "changeToOperatingActivities": 85434000, "issuanceOfStock": 28819000, "netIncome": 954843000, "changeInCash": -12339000, "repurchaseOfStock": -678666000, "totalCashFromOperatingActivities": 2075171000, "depreciation": 566972000, "otherCashflowsFromInvestingActivities": 64088000, "changeToInventory": -9052000, "changeToAccountReceivables": -15886000, "otherCashflowsFromFinancingActivities": -123576000, "changeToNetincome": 123870000, "capitalExpenditures": -1566796000}}, "quarterly": {"2022-06-30": {"changeToLiabilities": 346891000, "totalCashflowsFromInvestingActivities": -160722000, "netBorrowings": -333444000, "totalCashFromFinancingActivities": -335066000, "changeToOperatingActivities": 252692000, "netIncome": -509321000, "changeInCash": -233602000, "repurchaseOfStock": -30000, "totalCashFromOperatingActivities": 262186000, "depreciation": 195856000, "otherCashflowsFromInvestingActivities": 297000, "changeToInventory": -12607000, "changeToAccountReceivables": -52588000, "otherCashflowsFromFinancingActivities": -1592000, "changeToNetincome": 41263000, "capitalExpenditures": -161019000}, "2022-03-31": {"investments": 240000000, "changeToLiabilities": 281110000, "totalCashflowsFromInvestingActivities": 79656000, "netBorrowings": 1137731000, "totalCashFromFinancingActivities": 921548000, "changeToOperatingActivities": -658197000, "issuanceOfStock": 2557000, "netIncome": -982714000, "changeInCash": 630193000, "repurchaseOfStock": -11961000, "totalCashFromOperatingActivities": -371011000, "depreciation": 195464000, "otherCashflowsFromInvestingActivities": 4940000, "changeToInventory": -24141000, "changeToAccountReceivables": 618853000, "otherCashflowsFromFinancingActivities": -206779000, "changeToNetincome": 198614000, "capitalExpenditures": -165284000}, "2021-12-31": {"investments": -240000000, "changeToLiabilities": 189327000, "totalCashflowsFromInvestingActivities": -461073000, "netBorrowings": 32419000, "totalCashFromFinancingActivities": 348562000, "changeToOperatingActivities": 243161000, "issuanceOfStock": 1107447000, "netIncome": -1572721000, "changeInCash": -428169000, "repurchaseOfStock": -15000, "totalCashFromOperatingActivities": -315658000, "depreciation": 197632000, "otherCashflowsFromInvestingActivities": -7760000, "changeToInventory": -10805000, "changeToAccountReceivables": -180108000, "otherCashflowsFromFinancingActivities": -791289000, "changeToNetincome": 817856000, "capitalExpenditures": -213313000}, "2021-09-30": {"investments": -240000000, "changeToLiabilities": 266795000, "totalCashflowsFromInvestingActivities": -227756000, "netBorrowings": 112404000, "totalCashFromFinancingActivities": 82728000, "changeToOperatingActivities": 272247000, "issuanceOfStock": 2052000, "netIncome": -845885000, "changeInCash": -815324000, "repurchaseOfStock": -14000, "totalCashFromOperatingActivities": -670296000, "depreciation": 188527000, "otherCashflowsFromInvestingActivities": 2293000, "changeToInventory": -16720000, "changeToAccountReceivables": -571770000, "otherCashflowsFromFinancingActivities": -31714000, "changeToNetincome": 36510000, "capitalExpenditures": -230049000}}}}}