{"FDX": {"balance": {"annual": {"2022-05-31": {"intangibleAssets": 301000000, "capitalSurplus": 3712000000, "totalLiab": 61055000000, "totalStockholderEquity": 24939000000, "totalAssets": 85994000000, "commonStock": 32000000, "retainedEarnings": 32782000000, "otherLiab": 12112000000, "goodWill": 6544000000, "treasuryStock": -11587000000, "otherAssets": 4080000000, "cash": 6897000000, "totalCurrentLiabilities": 14274000000, "deferredLongTermAssetCharges": 1207000000, "shortLongTermDebt": 50000000, "otherStockholderEquity": -1103000000, "propertyPlantEquipment": 54704000000, "totalCurrentAssets": 20365000000, "netTangibleAssets": 18094000000, "netReceivables": 11863000000, "longTermDebt": 19746000000, "inventory": 637000000, "accountsPayable": 4030000000}, "2021-05-31": {"intangibleAssets": 322000000, "capitalSurplus": 3481000000, "totalLiab": 58609000000, "totalStockholderEquity": 24168000000, "totalAssets": 82777000000, "commonStock": 32000000, "retainedEarnings": 29817000000, "otherLiab": 10841000000, "goodWill": 6992000000, "treasuryStock": -9162000000, "otherAssets": 3748000000, "cash": 7087000000, "totalCurrentLiabilities": 13660000000, "deferredLongTermAssetCharges": 1418000000, "shortLongTermDebt": 50000000, "otherStockholderEquity": -732000000, "propertyPlantEquipment": 51135000000, "totalCurrentAssets": 20580000000, "netTangibleAssets": 16854000000, "netReceivables": 11977000000, "longTermDebt": 20733000000, "inventory": 587000000, "accountsPayable": 3841000000}, "2020-05-31": {"intangibleAssets": 322000000, "capitalSurplus": 3356000000, "totalLiab": 55242000000, "totalStockholderEquity": 18295000000, "totalAssets": 73537000000, "commonStock": 32000000, "retainedEarnings": 25216000000, "otherLiab": 10751000000, "goodWill": 6372000000, "treasuryStock": -10309000000, "otherAssets": 2935000000, "cash": 4881000000, "totalCurrentLiabilities": 10344000000, "deferredLongTermAssetCharges": 1347000000, "otherStockholderEquity": -1147000000, "propertyPlantEquipment": 47525000000, "totalCurrentAssets": 16383000000, "netTangibleAssets": 11601000000, "netReceivables": 10102000000, "longTermDebt": 21518000000, "inventory": 572000000, "accountsPayable": 3269000000}, "2019-05-31": {"intangibleAssets": 416000000, "capitalSurplus": 3231000000, "totalLiab": 36646000000, "totalStockholderEquity": 17757000000, "totalAssets": 54403000000, "commonStock": 32000000, "retainedEarnings": 24648000000, "otherLiab": 11016000000, "goodWill": 6884000000, "treasuryStock": -10154000000, "otherAssets": 3588000000, "cash": 2319000000, "totalCurrentLiabilities": 9013000000, "deferredLongTermAssetCharges": 1340000000, "shortLongTermDebt": 964000000, "otherStockholderEquity": -865000000, "propertyPlantEquipment": 30429000000, "totalCurrentAssets": 13086000000, "netTangibleAssets": 10457000000, "netReceivables": 9116000000, "longTermDebt": 16555000000, "inventory": 553000000, "accountsPayable": 3030000000}}, "quarterly": {"2022-05-31": {"intangibleAssets": 301000000, "capitalSurplus": 3712000000, "totalLiab": 61055000000, "totalStockholderEquity": 24939000000, "totalAssets": 85994000000, "commonStock": 32000000, "retainedEarnings": 32782000000, "otherLiab": 12112000000, "goodWill": 6544000000, "treasuryStock": -11587000000, "otherAssets": 4080000000, "cash": 6897000000, "totalCurrentLiabilities": 14274000000, "deferredLongTermAssetCharges": 1207000000, "shortLongTermDebt": 50000000, "otherStockholderEquity": -1103000000, "propertyPlantEquipment": 54704000000, "totalCurrentAssets": 20365000000, "netTangibleAssets": 18094000000, "netReceivables": 11863000000, "longTermDebt": 19746000000, "inventory": 637000000, "accountsPayable": 4030000000}, "2022-02-28": {"capitalSurplus": 3686000000, "totalLiab": 59582000000, "totalStockholderEquity": 24526000000, "totalAssets": 84108000000, "commonStock": 32000000, "retainedEarnings": 32225000000, "otherLiab": 10749000000, "goodWill": 6755000000, "treasuryStock": -11417000000, "otherAssets": 3906000000, "cash": 6065000000, "totalCurrentLiabilities": 13990000000, "shortLongTermDebt": 64000000, "otherStockholderEquity": -887000000, "propertyPlantEquipment": 53981000000, "totalCurrentAssets": 19466000000, "netTangibleAssets": 17771000000, "netReceivables": 11668000000, "longTermDebt": 19944000000, "inventory": 611000000, "accountsPayable": 4187000000}, "2021-11-30": {"capitalSurplus": 3653000000, "totalLiab": 59307000000, "totalStockholderEquity": 24940000000, "totalAssets": 84247000000, "commonStock": 32000000, "retainedEarnings": 31307000000, "otherLiab": 11082000000, "goodWill": 6702000000, "treasuryStock": -10052000000, "otherAssets": 3627000000, "cash": 6833000000, "totalCurrentLiabilities": 13884000000, "shortLongTermDebt": 47000000, "otherStockholderEquity": -977000000, "propertyPlantEquipment": 53171000000, "totalCurrentAssets": 20747000000, "netTangibleAssets": 18238000000, "netReceivables": 12197000000, "longTermDebt": 19946000000, "inventory": 594000000, "accountsPayable": 4190000000}, "2021-08-31": {"capitalSurplus": 3610000000, "totalLiab": 57727000000, "totalStockholderEquity": 24321000000, "totalAssets": 82048000000, "commonStock": 32000000, "retainedEarnings": 30462000000, "otherLiab": 10881000000, "goodWill": 6843000000, "treasuryStock": -9783000000, "otherAssets": 3764000000, "cash": 6853000000, "totalCurrentLiabilities": 12910000000, "shortLongTermDebt": 58000000, "otherStockholderEquity": -881000000, "propertyPlantEquipment": 51895000000, "totalCurrentAssets": 19546000000, "netTangibleAssets": 17478000000, "netReceivables": 11125000000, "longTermDebt": 20117000000, "inventory": 577000000, "accountsPayable": 3822000000}}}, "income": {"annual": {"2022-05-31": {"researchDevelopment": null, "effectOfAccountingCharges": null, "incomeBeforeTax": 4896000000, "minorityInterest": null, "netIncome": 3826000000, "sellingGeneralAdministrative": 470000000, "grossProfit": 23411000000, "ebit": 6007000000, "operatingIncome": 6007000000, "otherOperatingExpenses": 12964000000, "interestExpense": -689000000, "extraordinaryItems": null, "nonRecurring": null, "otherItems": null, "incomeTaxExpense": 1070000000, "totalRevenue": 93512000000, "totalOperatingExpenses": 87505000000, "costOfRevenue": 70101000000, "totalOtherIncomeExpenseNet": -1111000000, "discontinuedOperations": null, "netIncomeFromContinuingOps": 3826000000, "netIncomeApplicableToCommonShares": 3819000000}, "2021-05-31": {"researchDevelopment": null, "effectOfAccountingCharges": null, "incomeBeforeTax": 6674000000, "minorityInterest": null, "netIncome": 5231000000, "sellingGeneralAdministrative": 428000000, "grossProfit": 23730000000, "ebit": 7956000000, "operatingIncome": 7956000000, "otherOperatingExpenses": 11981000000, "interestExpense": -741000000, "extraordinaryItems": null, "nonRecurring": null, "otherItems": null, "incomeTaxExpense": 1443000000, "totalRevenue": 83959000000, "totalOperatingExpenses": 76003000000, "costOfRevenue": 60229000000, "totalOtherIncomeExpenseNet": -1282000000, "discontinuedOperations": null, "netIncomeFromContinuingOps": 5231000000, "netIncomeApplicableToCommonShares": 5231000000}, "2020-05-31": {"researchDevelopment": null, "effectOfAccountingCharges": null, "incomeBeforeTax": 1669000000, "minorityInterest": null, "netIncome": 1286000000, "sellingGeneralAdministrative": 427000000, "grossProfit": 16837000000, "ebit": 2730000000, "operatingIncome": 2730000000, "otherOperatingExpenses": 10065000000, "interestExpense": -672000000, "extraordinaryItems": null, "nonRecurring": null, "otherItems": null, "incomeTaxExpense": 383000000, "totalRevenue": 69217000000, "totalOperatingExpenses": 66487000000, "costOfRevenue": 52380000000, "totalOtherIncomeExpenseNet": -1061000000, "discontinuedOperations": null, "netIncomeFromContinuingOps": 1286000000, "netIncomeApplicableToCommonShares": 1284000000}, "2019-05-31": {"researchDevelopment": null, "effectOfAccountingCharges": null, "incomeBeforeTax": 655000000, "minorityInterest": null, "netIncome": 540000000, "sellingGeneralAdministrative": 468000000, "grossProfit": 14929000000, "ebit": 1581000000, "operatingIncome": 1581000000, "otherOperatingExpenses": 9527000000, "interestExpense": -588000000, "extraordinaryItems": null, "nonRecurring": null, "otherItems": null, "incomeTaxExpense": 115000000, "totalRevenue": 69693000000, "totalOperatingExpenses": 68112000000, "costOfRevenue": 54764000000, "totalOtherIncomeExpenseNet": -926000000, "discontinuedOperations": null, "netIncomeFromContinuingOps": 540000000, "netIncomeApplicableToCommonShares": 539000000}}, "quarterly": {"2022-05-31": {"researchDevelopment": null, "effectOfAccountingCharges": null, "incomeBeforeTax": 684000000, "minorityInterest": null, "netIncome": 558000000, "sellingGeneralAdministrative": 470000000, "grossProfit": 5660000000, "ebit": 1088000000, "operatingIncome": 1088000000, "otherOperatingExpenses": 3084000000, "interestExpense": -211000000, "extraordinaryItems": null, "nonRecurring": null, "otherItems": null, "incomeTaxExpense": 126000000, "totalRevenue": 24394000000, "totalOperatingExpenses": 23306000000, "costOfRevenue": 18734000000, "totalOtherIncomeExpenseNet": -404000000, "discontinuedOperations": null, "netIncomeFromContinuingOps": 558000000, "netIncomeApplicableToCommonShares": 557000000}, "2022-02-28": {"researchDevelopment": null, "effectOfAccountingCharges": null, "incomeBeforeTax": 1375000000, "minorityInterest": null, "netIncome": 1112000000, "sellingGeneralAdministrative": 470000000, "grossProfit": 6088000000, "ebit": 1644000000, "operatingIncome": 1644000000, "otherOperatingExpenses": 3458000000, "interestExpense": -163000000, "extraordinaryItems": null, "nonRecurring": null, "otherItems": null, "incomeTaxExpense": 263000000, "totalRevenue": 23641000000, "totalOperatingExpenses": 21997000000, "costOfRevenue": 17553000000, "totalOtherIncomeExpenseNet": -269000000, "discontinuedOperations": null, "netIncomeFromContinuingOps": 1112000000, "netIncomeApplicableToCommonShares": 1110000000}, "2021-11-30": {"researchDevelopment": null, "effectOfAccountingCharges": null, "incomeBeforeTax": 1380000000, "minorityInterest": null, "netIncome": 1044000000, "sellingGeneralAdministrative": 470000000, "grossProfit": 5890000000, "ebit": 1594000000, "operatingIncome": 1594000000, "otherOperatingExpenses": 3301000000, "interestExpense": -155000000, "extraordinaryItems": null, "nonRecurring": null, "otherItems": null, "incomeTaxExpense": 336000000, "totalRevenue": 23474000000, "totalOperatingExpenses": 21880000000, "costOfRevenue": 17584000000, "totalOtherIncomeExpenseNet": -214000000, "discontinuedOperations": null, "netIncomeFromContinuingOps": 1044000000, "netIncomeApplicableToCommonShares": 1042000000}, "2021-08-31": {"researchDevelopment": null, "effectOfAccountingCharges": null, "incomeBeforeTax": 1457000000, "minorityInterest": null, "netIncome": 1112000000, "sellingGeneralAdministrative": 470000000, "grossProfit": 5773000000, "ebit": 1681000000, "operatingIncome": 1681000000, "otherOperatingExpenses": 3121000000, "interestExpense": -160000000, "extraordinaryItems": null, "nonRecurring": null, "otherItems": null, "incomeTaxExpense": 345000000, "totalRevenue": 22003000000, "totalOperatingExpenses": 20322000000, "costOfRevenue": 16230000000, "totalOtherIncomeExpenseNet": -224000000, "discontinuedOperations": null, "netIncomeFromContinuingOps": 1112000000, "netIncomeApplicableToCommonShares": 1110000000}}}, "cash": {"annual": {"2022-05-31": {"investments": -147000000, "changeToLiabilities": -1861000000, "totalCashflowsFromInvestingActivities": -6816000000, "netBorrowings": -161000000, "totalCashFromFinancingActivities": -3019000000, "changeToOperatingActivities": -948000000, "issuanceOfStock": 184000000, "netIncome": 3826000000, "changeInCash": -190000000, "repurchaseOfStock": -2248000000, "effectOfExchangeRate": -187000000, "totalCashFromOperatingActivities": 9832000000, "depreciation": 3970000000, "dividendsPaid": -793000000, "changeToAccountReceivables": -310000000, "otherCashflowsFromFinancingActivities": -1000000, "changeToNetincome": 5155000000, "capitalExpenditures": -6763000000}, "2021-05-31": {"investments": -147000000, "changeToLiabilities": 71000000, "totalCashflowsFromInvestingActivities": -6010000000, "netBorrowings": -2106000000, "totalCashFromFinancingActivities": -2090000000, "changeToOperatingActivities": -1872000000, "issuanceOfStock": 740000000, "netIncome": 5231000000, "changeInCash": 2206000000, "repurchaseOfStock": -2248000000, "effectOfExchangeRate": 171000000, "totalCashFromOperatingActivities": 10135000000, "depreciation": 3793000000, "dividendsPaid": -686000000, "changeToAccountReceivables": -1389000000, "otherCashflowsFromFinancingActivities": -38000000, "changeToNetincome": 2983000000, "capitalExpenditures": -5884000000}, "2020-05-31": {"investments": -147000000, "changeToLiabilities": -1787000000, "totalCashflowsFromInvestingActivities": -5846000000, "netBorrowings": 4008000000, "totalCashFromFinancingActivities": 3381000000, "changeToOperatingActivities": -974000000, "issuanceOfStock": 64000000, "netIncome": 1286000000, "changeInCash": 2562000000, "repurchaseOfStock": -3000000, "effectOfExchangeRate": -70000000, "totalCashFromOperatingActivities": 5097000000, "depreciation": 3615000000, "dividendsPaid": -679000000, "changeToAccountReceivables": -1331000000, "otherCashflowsFromFinancingActivities": -9000000, "changeToNetincome": 4288000000, "capitalExpenditures": -5868000000}, "2019-05-31": {"investments": -147000000, "changeToLiabilities": -571000000, "totalCashflowsFromInvestingActivities": -5473000000, "netBorrowings": 1027000000, "totalCashFromFinancingActivities": -1039000000, "changeToOperatingActivities": -1047000000, "issuanceOfStock": 101000000, "netIncome": 540000000, "changeInCash": -946000000, "repurchaseOfStock": -1480000000, "effectOfExchangeRate": -47000000, "totalCashFromOperatingActivities": 5613000000, "depreciation": 3353000000, "dividendsPaid": -683000000, "changeToAccountReceivables": -873000000, "otherCashflowsFromFinancingActivities": -4000000, "changeToNetincome": 4211000000, "capitalExpenditures": -5490000000}}, "quarterly": {"2022-05-31": {"investments": -2000000, "changeToLiabilities": 1031000000, "totalCashflowsFromInvestingActivities": -2363000000, "netBorrowings": -48000000, "totalCashFromFinancingActivities": -211000000, "changeToOperatingActivities": -652000000, "issuanceOfStock": 33000000, "netIncome": 558000000, "changeInCash": 832000000, "effectOfExchangeRate": -96000000, "totalCashFromOperatingActivities": 3502000000, "depreciation": 1018000000, "dividendsPaid": -195000000, "changeToAccountReceivables": -244000000, "otherCashflowsFromFinancingActivities": -1000000, "changeToNetincome": 1791000000, "capitalExpenditures": -2384000000}, "2022-02-28": {"investments": -145000000, "changeToLiabilities": -1310000000, "totalCashflowsFromInvestingActivities": -1341000000, "netBorrowings": -41000000, "totalCashFromFinancingActivities": -1699000000, "changeToOperatingActivities": -6000000, "issuanceOfStock": 40000000, "netIncome": 1112000000, "changeInCash": -768000000, "repurchaseOfStock": -1500000000, "effectOfExchangeRate": 24000000, "totalCashFromOperatingActivities": 2248000000, "depreciation": 986000000, "dividendsPaid": -198000000, "changeToAccountReceivables": 453000000, "otherCashflowsFromFinancingActivities": -1000000, "changeToNetincome": 1013000000, "capitalExpenditures": -1236000000}, "2021-11-30": {"investments": -145000000, "changeToLiabilities": 34000000, "totalCashflowsFromInvestingActivities": -1562000000, "netBorrowings": -8000000, "totalCashFromFinancingActivities": -379000000, "changeToOperatingActivities": -75000000, "issuanceOfStock": 27000000, "netIncome": 1044000000, "changeInCash": -20000000, "repurchaseOfStock": -199000000, "effectOfExchangeRate": -77000000, "totalCashFromOperatingActivities": 1998000000, "depreciation": 995000000, "dividendsPaid": -200000000, "changeToAccountReceivables": -1245000000, "otherCashflowsFromFinancingActivities": 1000000, "changeToNetincome": 1245000000, "capitalExpenditures": -1573000000}, "2021-08-31": {"investments": -145000000, "changeToLiabilities": -1616000000, "totalCashflowsFromInvestingActivities": -1550000000, "netBorrowings": -64000000, "totalCashFromFinancingActivities": -730000000, "changeToOperatingActivities": -215000000, "issuanceOfStock": 84000000, "netIncome": 1112000000, "changeInCash": -234000000, "repurchaseOfStock": -549000000, "effectOfExchangeRate": -38000000, "totalCashFromOperatingActivities": 2084000000, "depreciation": 971000000, "dividendsPaid": -200000000, "changeToAccountReceivables": 726000000, "otherCashflowsFromFinancingActivities": -1000000, "changeToNetincome": 1106000000, "capitalExpenditures": -1570000000}}}}, "LUV": {"balance": {"annual": {"2021-12-31": {"intangibleAssets": 295000000, "capitalSurplus": 4224000000, "totalLiab": 25906000000, "totalStockholderEquity": 10414000000, "otherCurrentLiab": 5646000000, "totalAssets": 36320000000, "commonStock": 888000000, "otherCurrentAssets": 329000000, "retainedEarnings": 15774000000, "otherLiab": 5149000000, "goodWill": 970000000, "treasuryStock": -10472000000, "otherAssets": 587000000, "cash": 12480000000, "totalCurrentLiabilities": 9164000000, "shortLongTermDebt": 371000000, "otherStockholderEquity": 388000000, "propertyPlantEquipment": 16432000000, "totalCurrentAssets": 18036000000, "netTangibleAssets": 9149000000, "shortTermInvestments": 3024000000, "netReceivables": 1357000000, "longTermDebt": 9901000000, "inventory": 537000000, "accountsPayable": 1282000000}, "2020-12-31": {"intangibleAssets": 295000000, "capitalSurplus": 4191000000, "totalLiab": 25712000000, "totalStockholderEquity": 8876000000, "otherCurrentLiab": 4390000000, "totalAssets": 34588000000, "commonStock": 888000000, "otherCurrentAssets": 10000000, "retainedEarnings": 14777000000, "otherLiab": 6527000000, "goodWill": 970000000, "treasuryStock": -10980000000, "otherAssets": 732000000, "cash": 11063000000, "totalCurrentLiabilities": 7506000000, "shortLongTermDebt": 137000000, "otherStockholderEquity": -105000000, "propertyPlantEquipment": 17418000000, "totalCurrentAssets": 15173000000, "netTangibleAssets": 7611000000, "shortTermInvestments": 2271000000, "netReceivables": 1130000000, "longTermDebt": 9658000000, "inventory": 414000000, "accountsPayable": 931000000}, "2019-12-31": {"intangibleAssets": 296000000, "capitalSurplus": 1581000000, "totalLiab": 16063000000, "totalStockholderEquity": 9832000000, "otherCurrentLiab": 4457000000, "totalAssets": 25895000000, "commonStock": 808000000, "otherCurrentAssets": 48000000, "retainedEarnings": 17945000000, "otherLiab": 4286000000, "goodWill": 970000000, "treasuryStock": -10502000000, "otherAssets": 527000000, "cash": 2548000000, "totalCurrentLiabilities": 8952000000, "shortLongTermDebt": 739000000, "otherStockholderEquity": -61000000, "propertyPlantEquipment": 18126000000, "totalCurrentAssets": 5974000000, "longTermInvestments": 2000000, "netTangibleAssets": 8566000000, "shortTermInvestments": 1524000000, "netReceivables": 1086000000, "longTermDebt": 1305000000, "inventory": 529000000, "accountsPayable": 1574000000}, "2018-12-31": {"intangibleAssets": 400000000, "capitalSurplus": 1510000000, "totalLiab": 16390000000, "totalStockholderEquity": 9853000000, "otherCurrentLiab": 4134000000, "totalAssets": 26243000000, "commonStock": 808000000, "otherCurrentAssets": 43000000, "retainedEarnings": 15967000000, "otherLiab": 5702000000, "goodWill": 970000000, "treasuryStock": -8432000000, "otherAssets": 1095000000, "cash": 1854000000, "totalCurrentLiabilities": 7905000000, "shortLongTermDebt": 608000000, "otherStockholderEquity": 20000000, "propertyPlantEquipment": 18750000000, "totalCurrentAssets": 5028000000, "netTangibleAssets": 8483000000, "shortTermInvestments": 1835000000, "netReceivables": 568000000, "longTermDebt": 1938000000, "inventory": 461000000, "accountsPayable": 1416000000}}, "quarterly": {"2022-06-30": {"intangibleAssets": 295000000, "capitalSurplus": 3966000000, "totalLiab": 27182000000, "totalStockholderEquity": 11120000000, "otherCurrentLiab": 6312000000, "totalAssets": 38302000000, "commonStock": 888000000, "otherCurrentAssets": 755000000, "retainedEarnings": 16311000000, "otherLiab": 5374000000, "goodWill": 970000000, "treasuryStock": -10045000000, "otherAssets": 1189000000, "cash": 13234000000, "totalCurrentLiabilities": 11711000000, "shortLongTermDebt": 1662000000, "otherStockholderEquity": 805000000, "propertyPlantEquipment": 16452000000, "totalCurrentAssets": 19396000000, "netTangibleAssets": 9855000000, "shortTermInvestments": 3197000000, "netReceivables": 1389000000, "longTermDebt": 8877000000, "inventory": 751000000, "accountsPayable": 1908000000}, "2022-03-31": {"capitalSurplus": 3940000000, "totalLiab": 26845000000, "totalStockholderEquity": 10417000000, "otherCurrentLiab": 6406000000, "totalAssets": 37262000000, "commonStock": 888000000, "retainedEarnings": 15551000000, "otherLiab": 5190000000, "goodWill": 970000000, "treasuryStock": -9962000000, "otherAssets": 1232000000, "cash": 13098000000, "totalCurrentLiabilities": 10069000000, "shortLongTermDebt": 415000000, "otherStockholderEquity": 891000000, "propertyPlantEquipment": 16238000000, "totalCurrentAssets": 18822000000, "netTangibleAssets": 9447000000, "shortTermInvestments": 2642000000, "netReceivables": 1692000000, "longTermDebt": 10309000000, "inventory": 623000000, "accountsPayable": 1648000000}, "2021-12-31": {"intangibleAssets": 295000000, "capitalSurplus": 4224000000, "totalLiab": 25906000000, "totalStockholderEquity": 10414000000, "otherCurrentLiab": 5646000000, "totalAssets": 36320000000, "commonStock": 888000000, "otherCurrentAssets": 329000000, "retainedEarnings": 15774000000, "otherLiab": 5149000000, "goodWill": 970000000, "treasuryStock": -10472000000, "otherAssets": 587000000, "cash": 12480000000, "totalCurrentLiabilities": 9164000000, "shortLongTermDebt": 371000000, "otherStockholderEquity": 388000000, "propertyPlantEquipment": 16432000000, "totalCurrentAssets": 18036000000, "netTangibleAssets": 9149000000, "shortTermInvestments": 3024000000, "netReceivables": 1357000000, "longTermDebt": 9901000000, "inventory": 537000000, "accountsPayable": 1282000000}, "2021-09-30": {"intangibleAssets": 295000000, "capitalSurplus": 4251000000, "totalLiab": 26860000000, "totalStockholderEquity": 10250000000, "otherCurrentLiab": 5893000000, "totalAssets": 37110000000, "commonStock": 888000000, "otherCurrentAssets": 338000000, "retainedEarnings": 15706000000, "otherLiab": 5376000000, "goodWill": 970000000, "treasuryStock": -10595000000, "otherAssets": 623000000, "cash": 12980000000, "totalCurrentLiabilities": 9135000000, "shortLongTermDebt": 225000000, "otherStockholderEquity": 267000000, "propertyPlantEquipment": 16667000000, "totalCurrentAssets": 18554000000, "longTermInvestments": 1000000, "netTangibleAssets": 8985000000, "shortTermInvestments": 3024000000, "netReceivables": 1479000000, "longTermDebt": 11015000000, "inventory": 511000000, "accountsPayable": 1229000000}}}, "income": {"annual": {"2021-12-31": {"researchDevelopment": null, "effectOfAccountingCharges": null, "incomeBeforeTax": 1325000000, "minorityInterest": null, "netIncome": 977000000, "sellingGeneralAdministrative": 196000000, "grossProfit": 2172000000, "ebit": -1171000000, "operatingIncome": -1171000000, "otherOperatingExpenses": 1875000000, "interestExpense": -431000000, "extraordinaryItems": null, "nonRecurring": null, "otherItems": null, "incomeTaxExpense": 348000000, "totalRevenue": 15790000000, "totalOperatingExpenses": 16961000000, "costOfRevenue": 13618000000, "totalOtherIncomeExpenseNet": 2496000000, "discontinuedOperations": null, "netIncomeFromContinuingOps": 977000000, "netIncomeApplicableToCommonShares": 977000000}, "2020-12-31": {"researchDevelopment": null, "effectOfAccountingCharges": null, "incomeBeforeTax": -4256000000, "minorityInterest": null, "netIncome": -3074000000, "sellingGeneralAdministrative": 168000000, "grossProfit": -1875000000, "ebit": -5041000000, "operatingIncome": -5041000000, "otherOperatingExpenses": 1743000000, "interestExpense": -342000000, "extraordinaryItems": null, "nonRecurring": null, "otherItems": null, "incomeTaxExpense": -1182000000, "totalRevenue": 9048000000, "totalOperatingExpenses": 14089000000, "costOfRevenue": 10923000000, "totalOtherIncomeExpenseNet": 785000000, "discontinuedOperations": null, "netIncomeFromContinuingOps": -3074000000, "netIncomeApplicableToCommonShares": -3074000000}, "2019-12-31": {"researchDevelopment": null, "effectOfAccountingCharges": null, "incomeBeforeTax": 2957000000, "minorityInterest": null, "netIncome": 2300000000, "sellingGeneralAdministrative": 225000000, "grossProfit": 7020000000, "ebit": 2948000000, "operatingIncome": 2948000000, "otherOperatingExpenses": 2628000000, "interestExpense": -82000000, "extraordinaryItems": null, "nonRecurring": null, "otherItems": null, "incomeTaxExpense": 657000000, "totalRevenue": 22428000000, "totalOperatingExpenses": 19480000000, "costOfRevenue": 15408000000, "totalOtherIncomeExpenseNet": 9000000, "discontinuedOperations": null, "netIncomeFromContinuingOps": 2300000000, "netIncomeApplicableToCommonShares": 2300000000}, "2018-12-31": {"researchDevelopment": null, "effectOfAccountingCharges": null, "incomeBeforeTax": 3164000000, "minorityInterest": null, "netIncome": 2465000000, "sellingGeneralAdministrative": 227000000, "grossProfit": 7245000000, "ebit": 3180000000, "operatingIncome": 3180000000, "otherOperatingExpenses": 2637000000, "interestExpense": -93000000, "extraordinaryItems": null, "nonRecurring": null, "otherItems": null, "incomeTaxExpense": 699000000, "totalRevenue": 21965000000, "totalOperatingExpenses": 18785000000, "costOfRevenue": 14720000000, "totalOtherIncomeExpenseNet": -16000000, "discontinuedOperations": null, "netIncomeFromContinuingOps": 2465000000, "netIncomeApplicableToCommonShares": 2465000000}}, "quarterly": {"2022-06-30": {"researchDevelopment": null, "effectOfAccountingCharges": null, "incomeBeforeTax": 1036000000, "minorityInterest": null, "netIncome": 760000000, "sellingGeneralAdministrative": null, "grossProfit": 2225000000, "ebit": 1158000000, "operatingIncome": 1158000000, "otherOperatingExpenses": 742000000, "interestExpense": -82000000, "extraordinaryItems": null, "nonRecurring": null, "otherItems": null, "incomeTaxExpense": 276000000, "totalRevenue": 6728000000, "totalOperatingExpenses": 5570000000, "costOfRevenue": 4503000000, "totalOtherIncomeExpenseNet": -122000000, "discontinuedOperations": null, "netIncomeFromContinuingOps": 760000000, "netIncomeApplicableToCommonShares": 764000000}, "2022-03-31": {"researchDevelopment": null, "effectOfAccountingCharges": null, "incomeBeforeTax": -376000000, "minorityInterest": null, "netIncome": -278000000, "sellingGeneralAdministrative": null, "grossProfit": 904000000, "ebit": -151000000, "operatingIncome": -151000000, "otherOperatingExpenses": 731000000, "interestExpense": -84000000, "extraordinaryItems": null, "nonRecurring": null, "otherItems": null, "incomeTaxExpense": -98000000, "totalRevenue": 4694000000, "totalOperatingExpenses": 4845000000, "costOfRevenue": 3790000000, "totalOtherIncomeExpenseNet": -225000000, "discontinuedOperations": null, "netIncomeFromContinuingOps": -278000000, "netIncomeApplicableToCommonShares": -274000000}, "2021-12-31": {"researchDevelopment": null, "effectOfAccountingCharges": null, "incomeBeforeTax": 77000000, "minorityInterest": null, "netIncome": 68000000, "sellingGeneralAdministrative": 196000000, "grossProfit": 1156000000, "ebit": 197000000, "operatingIncome": 197000000, "otherOperatingExpenses": 440000000, "interestExpense": -115000000, "extraordinaryItems": null, "nonRecurring": null, "otherItems": null, "incomeTaxExpense": 9000000, "totalRevenue": 5051000000, "totalOperatingExpenses": 4854000000, "costOfRevenue": 3895000000, "totalOtherIncomeExpenseNet": -120000000, "discontinuedOperations": null, "netIncomeFromContinuingOps": 68000000, "netIncomeApplicableToCommonShares": 68000000}, "2021-09-30": {"researchDevelopment": null, "effectOfAccountingCharges": null, "incomeBeforeTax": 600000000, "minorityInterest": null, "netIncome": 446000000, "sellingGeneralAdministrative": 196000000, "grossProfit": 872000000, "ebit": -59000000, "operatingIncome": -59000000, "otherOperatingExpenses": 609000000, "interestExpense": -106000000, "extraordinaryItems": null, "nonRecurring": null, "otherItems": null, "incomeTaxExpense": 154000000, "totalRevenue": 4679000000, "totalOperatingExpenses": 4738000000, "costOfRevenue": 3807000000, "totalOtherIncomeExpenseNet": 659000000, "discontinuedOperations": null, "netIncomeFromContinuingOps": 446000000, "netIncomeApplicableToCommonShares": 446000000}}}, "cash": {"annual": {"2021-12-31": {"investments": -753000000, "changeToLiabilities": 629000000, "totalCashflowsFromInvestingActivities": -1264000000, "netBorrowings": 524000000, "totalCashFromFinancingActivities": 359000000, "changeToOperatingActivities": -28000000, "issuanceOfStock": 51000000, "netIncome": 977000000, "changeInCash": 1417000000, "totalCashFromOperatingActivities": 2322000000, "depreciation": 1059000000, "changeToAccountReceivables": -701000000, "otherCashflowsFromFinancingActivities": -216000000, "changeToNetincome": 173000000, "capitalExpenditures": -511000000}, "2020-12-31": {"investments": -744000000, "changeToLiabilities": 1854000000, "totalCashflowsFromInvestingActivities": -16000000, "netBorrowings": 8099000000, "totalCashFromFinancingActivities": 9658000000, "changeToOperatingActivities": 109000000, "issuanceOfStock": 2342000000, "netIncome": -3074000000, "changeInCash": 8515000000, "repurchaseOfStock": -451000000, "totalCashFromOperatingActivities": -1127000000, "depreciation": 1052000000, "otherCashflowsFromInvestingActivities": 1243000000, "dividendsPaid": -188000000, "changeToAccountReceivables": -294000000, "otherCashflowsFromFinancingActivities": -144000000, "changeToNetincome": -977000000, "capitalExpenditures": -515000000}, "2019-12-31": {"investments": 324000000, "changeToLiabilities": 738000000, "totalCashflowsFromInvestingActivities": -303000000, "netBorrowings": -615000000, "totalCashFromFinancingActivities": -2990000000, "changeToOperatingActivities": -38000000, "issuanceOfStock": 40000000, "netIncome": 2300000000, "changeInCash": 694000000, "repurchaseOfStock": -2000000000, "totalCashFromOperatingActivities": 3987000000, "depreciation": 1042000000, "otherCashflowsFromInvestingActivities": 400000000, "dividendsPaid": -372000000, "changeToAccountReceivables": -94000000, "otherCashflowsFromFinancingActivities": -43000000, "changeToNetincome": -138000000, "capitalExpenditures": -1027000000}, "2018-12-31": {"investments": -67000000, "changeToLiabilities": 1051000000, "totalCashflowsFromInvestingActivities": -2038000000, "netBorrowings": -342000000, "totalCashFromFinancingActivities": -2496000000, "changeToOperatingActivities": -227000000, "issuanceOfStock": 35000000, "netIncome": 2465000000, "changeInCash": 359000000, "repurchaseOfStock": -2000000000, "totalCashFromOperatingActivities": 4893000000, "depreciation": 1046000000, "otherCashflowsFromInvestingActivities": 5000000, "dividendsPaid": -332000000, "changeToAccountReceivables": 117000000, "otherCashflowsFromFinancingActivities": 143000000, "changeToNetincome": 286000000, "capitalExpenditures": -1976000000}}, "quarterly": {"2022-06-30": {"investments": -565000000, "changeToLiabilities": 236000000, "totalCashflowsFromInvestingActivities": -1555000000, "netBorrowings": -53000000, "totalCashFromFinancingActivities": -215000000, "changeToOperatingActivities": -104000000, "issuanceOfStock": 13000000, "netIncome": 760000000, "changeInCash": 136000000, "totalCashFromOperatingActivities": 1906000000, "depreciation": 325000000, "changeToAccountReceivables": 439000000, "otherCashflowsFromFinancingActivities": -175000000, "changeToNetincome": 250000000, "capitalExpenditures": -990000000}, "2022-03-31": {"investments": 375000000, "changeToLiabilities": 1063000000, "totalCashflowsFromInvestingActivities": -138000000, "netBorrowings": -93000000, "totalCashFromFinancingActivities": -315000000, "changeToOperatingActivities": -150000000, "issuanceOfStock": 6000000, "netIncome": -278000000, "changeInCash": 618000000, "totalCashFromOperatingActivities": 1071000000, "depreciation": 324000000, "changeToAccountReceivables": -334000000, "otherCashflowsFromFinancingActivities": -228000000, "changeToNetincome": 446000000, "capitalExpenditures": -513000000}, "2021-12-31": {"investments": 375000000, "changeToLiabilities": -449000000, "totalCashflowsFromInvestingActivities": -183000000, "netBorrowings": -435000000, "totalCashFromFinancingActivities": -564000000, "changeToOperatingActivities": 183000000, "issuanceOfStock": 12000000, "netIncome": 68000000, "changeInCash": -500000000, "totalCashFromOperatingActivities": 247000000, "depreciation": 110000000, "changeToAccountReceivables": 118000000, "otherCashflowsFromFinancingActivities": -141000000, "changeToNetincome": 4000000, "capitalExpenditures": -183000000}, "2021-09-30": {"investments": -274000000, "changeToLiabilities": -1390000000, "totalCashflowsFromInvestingActivities": -412000000, "netBorrowings": -67000000, "totalCashFromFinancingActivities": -157000000, "changeToOperatingActivities": -29000000, "issuanceOfStock": 13000000, "netIncome": 446000000, "changeInCash": -1144000000, "totalCashFromOperatingActivities": -575000000, "depreciation": 322000000, "changeToAccountReceivables": -23000000, "otherCashflowsFromFinancingActivities": -103000000, "changeToNetincome": 99000000, "capitalExpenditures": -138000000}}}}, "DAL": {"balance": {"annual": {"2021-12-31": {"intangibleAssets": 6001000000, "capitalSurplus": 11447000000, "totalLiab": 68572000000, "totalStockholderEquity": 3887000000, "otherCurrentLiab": 8956000000, "totalAssets": 72459000000, "otherCurrentAssets": 163000000, "retainedEarnings": -148000000, "otherLiab": 15412000000, "goodWill": 9753000000, "treasuryStock": -7412000000, "otherAssets": 3920000000, "cash": 7933000000, "totalCurrentLiabilities": 20966000000, "deferredLongTermAssetCharges": 1294000000, "shortLongTermDebt": 1502000000, "otherStockholderEquity": -7130000000, "propertyPlantEquipment": 35133000000, "totalCurrentAssets": 15940000000, "longTermInvestments": 1712000000, "netTangibleAssets": -11867000000, "shortTermInvestments": 3386000000, "netReceivables": 2404000000, "longTermDebt": 23582000000, "inventory": 1098000000, "accountsPayable": 4240000000}, "2020-12-31": {"intangibleAssets": 6011000000, "capitalSurplus": 11259000000, "totalLiab": 70462000000, "totalStockholderEquity": 1534000000, "otherCurrentLiab": 5830000000, "totalAssets": 71996000000, "otherCurrentAssets": 192000000, "retainedEarnings": -428000000, "otherLiab": 21397000000, "goodWill": 9753000000, "treasuryStock": -9297000000, "otherAssets": 5784000000, "cash": 8307000000, "totalCurrentLiabilities": 15927000000, "deferredLongTermAssetCharges": 1988000000, "shortLongTermDebt": 1443000000, "otherStockholderEquity": -9038000000, "propertyPlantEquipment": 31379000000, "totalCurrentAssets": 17404000000, "longTermInvestments": 1665000000, "netTangibleAssets": -14230000000, "shortTermInvestments": 5789000000, "netReceivables": 1396000000, "longTermDebt": 26531000000, "inventory": 732000000, "accountsPayable": 2840000000}, "2019-12-31": {"intangibleAssets": 5163000000, "capitalSurplus": 11129000000, "totalLiab": 49174000000, "totalStockholderEquity": 15358000000, "otherCurrentLiab": 8350000000, "totalAssets": 64532000000, "commonStock": 15440000000, "otherCurrentAssets": 238000000, "retainedEarnings": 12454000000, "otherLiab": 14803000000, "goodWill": 9781000000, "treasuryStock": -8225000000, "otherAssets": 2800000000, "cash": 2882000000, "totalCurrentLiabilities": 20204000000, "deferredLongTermAssetCharges": 120000000, "shortLongTermDebt": 2058000000, "otherStockholderEquity": -7989000000, "propertyPlantEquipment": 35918000000, "totalCurrentAssets": 8249000000, "longTermInvestments": 2621000000, "netTangibleAssets": 414000000, "netReceivables": 2854000000, "longTermDebt": 8052000000, "inventory": 1251000000, "accountsPayable": 3266000000}, "2018-12-31": {"intangibleAssets": 4830000000, "capitalSurplus": 11671000000, "totalLiab": 46579000000, "totalStockholderEquity": 13687000000, "otherCurrentLiab": 7665000000, "totalAssets": 60266000000, "otherCurrentAssets": 91000000, "retainedEarnings": 10039000000, "otherLiab": 13947000000, "goodWill": 9781000000, "treasuryStock": -8023000000, "otherAssets": 5065000000, "cash": 1565000000, "totalCurrentLiabilities": 18578000000, "deferredLongTermAssetCharges": 242000000, "shortLongTermDebt": 1416000000, "otherStockholderEquity": -7825000000, "propertyPlantEquipment": 33152000000, "totalCurrentAssets": 6340000000, "longTermInvestments": 1098000000, "netTangibleAssets": -924000000, "shortTermInvestments": 203000000, "netReceivables": 2314000000, "longTermDebt": 7959000000, "inventory": 1055000000, "accountsPayable": 2976000000}}, "quarterly": {"2022-06-30": {"intangibleAssets": 5997000000, "capitalSurplus": 11485000000, "totalLiab": 70994000000, "totalStockholderEquity": 3811000000, "otherCurrentLiab": 12658000000, "totalAssets": 74805000000, "otherCurrentAssets": 213000000, "retainedEarnings": -353000000, "otherLiab": 14761000000, "goodWill": 9753000000, "treasuryStock": -7321000000, "otherAssets": 2263000000, "cash": 9221000000, "totalCurrentLiabilities": 26324000000, "deferredLongTermAssetCharges": 1219000000, "shortLongTermDebt": 1621000000, "otherStockholderEquity": -7008000000, "propertyPlantEquipment": 37708000000, "totalCurrentAssets": 17313000000, "longTermInvestments": 1771000000, "netTangibleAssets": -11939000000, "shortTermInvestments": 1549000000, "netReceivables": 3093000000, "longTermDebt": 21444000000, "inventory": 1734000000, "accountsPayable": 5353000000}, "2022-03-31": {"intangibleAssets": 5999000000, "capitalSurplus": 11462000000, "totalLiab": 70757000000, "totalStockholderEquity": 2991000000, "otherCurrentLiab": 11861000000, "totalAssets": 73748000000, "otherCurrentAssets": 170000000, "retainedEarnings": -1088000000, "otherLiab": 15057000000, "goodWill": 9753000000, "treasuryStock": -7383000000, "otherAssets": 2833000000, "cash": 7705000000, "totalCurrentLiabilities": 24060000000, "deferredLongTermAssetCharges": 1534000000, "shortLongTermDebt": 831000000, "otherStockholderEquity": -7071000000, "propertyPlantEquipment": 37444000000, "totalCurrentAssets": 15720000000, "longTermInvestments": 1999000000, "netTangibleAssets": -12761000000, "shortTermInvestments": 2250000000, "netReceivables": 3039000000, "longTermDebt": 22939000000, "inventory": 1292000000, "accountsPayable": 4810000000}, "2021-12-31": {"intangibleAssets": 6001000000, "capitalSurplus": 11447000000, "totalLiab": 68572000000, "totalStockholderEquity": 3887000000, "otherCurrentLiab": 8956000000, "totalAssets": 72459000000, "otherCurrentAssets": 163000000, "retainedEarnings": -148000000, "otherLiab": 15412000000, "goodWill": 9753000000, "treasuryStock": -7412000000, "otherAssets": 3920000000, "cash": 7933000000, "totalCurrentLiabilities": 20966000000, "deferredLongTermAssetCharges": 1294000000, "shortLongTermDebt": 1502000000, "otherStockholderEquity": -7130000000, "propertyPlantEquipment": 35133000000, "totalCurrentAssets": 15940000000, "longTermInvestments": 1712000000, "netTangibleAssets": -11867000000, "shortTermInvestments": 3386000000, "netReceivables": 2404000000, "longTermDebt": 23582000000, "inventory": 1098000000, "accountsPayable": 4240000000}, "2021-09-30": {"intangibleAssets": 6004000000, "capitalSurplus": 11428000000, "totalLiab": 70177000000, "totalStockholderEquity": 2606000000, "otherCurrentLiab": 8865000000, "totalAssets": 72783000000, "otherCurrentAssets": 162000000, "retainedEarnings": 259000000, "otherLiab": 17988000000, "goodWill": 9753000000, "treasuryStock": -9081000000, "otherAssets": 3993000000, "cash": 8785000000, "totalCurrentLiabilities": 20924000000, "deferredLongTermAssetCharges": 1813000000, "shortLongTermDebt": 2024000000, "otherStockholderEquity": -8800000000, "propertyPlantEquipment": 33643000000, "totalCurrentAssets": 17471000000, "longTermInvestments": 1919000000, "netTangibleAssets": -13151000000, "shortTermInvestments": 4417000000, "netReceivables": 2183000000, "longTermDebt": 24077000000, "inventory": 1012000000, "accountsPayable": 4017000000}}}, "income": {"annual": {"2021-12-31": {"researchDevelopment": null, "effectOfAccountingCharges": null, "incomeBeforeTax": 398000000, "minorityInterest": null, "netIncome": 280000000, "sellingGeneralAdministrative": 953000000, "grossProfit": 2171000000, "ebit": -2185000000, "operatingIncome": -2185000000, "otherOperatingExpenses": 1405000000, "interestExpense": -1279000000, "extraordinaryItems": null, "nonRecurring": null, "otherItems": null, "incomeTaxExpense": 118000000, "totalRevenue": 29899000000, "totalOperatingExpenses": 32084000000, "costOfRevenue": 27728000000, "totalOtherIncomeExpenseNet": 2583000000, "discontinuedOperations": null, "netIncomeFromContinuingOps": 280000000, "netIncomeApplicableToCommonShares": 280000000}, "2020-12-31": {"researchDevelopment": null, "effectOfAccountingCharges": null, "incomeBeforeTax": -15587000000, "minorityInterest": null, "netIncome": -12385000000, "sellingGeneralAdministrative": 643000000, "grossProfit": -3780000000, "ebit": -7945000000, "operatingIncome": -7945000000, "otherOperatingExpenses": 1232000000, "interestExpense": -929000000, "extraordinaryItems": null, "nonRecurring": null, "otherItems": null, "incomeTaxExpense": -3202000000, "totalRevenue": 17095000000, "totalOperatingExpenses": 25040000000, "costOfRevenue": 20875000000, "totalOtherIncomeExpenseNet": -7642000000, "discontinuedOperations": null, "netIncomeFromContinuingOps": -12385000000, "netIncomeApplicableToCommonShares": -12385000000}, "2019-12-31": {"researchDevelopment": null, "effectOfAccountingCharges": null, "incomeBeforeTax": 6198000000, "minorityInterest": null, "netIncome": 4767000000, "sellingGeneralAdministrative": 2211000000, "grossProfit": 13186000000, "ebit": 6567000000, "operatingIncome": 6567000000, "otherOperatingExpenses": 1827000000, "interestExpense": -301000000, "extraordinaryItems": null, "nonRecurring": null, "otherItems": null, "incomeTaxExpense": 1431000000, "totalRevenue": 47007000000, "totalOperatingExpenses": 40440000000, "costOfRevenue": 33821000000, "totalOtherIncomeExpenseNet": -369000000, "discontinuedOperations": null, "netIncomeFromContinuingOps": 4767000000, "netIncomeApplicableToCommonShares": 4767000000}, "2018-12-31": {"researchDevelopment": null, "effectOfAccountingCharges": null, "incomeBeforeTax": 5151000000, "minorityInterest": null, "netIncome": 3935000000, "sellingGeneralAdministrative": 1941000000, "grossProfit": 11452000000, "ebit": 5459000000, "operatingIncome": 5459000000, "otherOperatingExpenses": 1723000000, "interestExpense": -311000000, "extraordinaryItems": null, "nonRecurring": null, "otherItems": null, "incomeTaxExpense": 1216000000, "totalRevenue": 44438000000, "totalOperatingExpenses": 38979000000, "costOfRevenue": 32986000000, "totalOtherIncomeExpenseNet": -308000000, "discontinuedOperations": null, "netIncomeFromContinuingOps": 3935000000, "netIncomeApplicableToCommonShares": 3935000000}}, "quarterly": {"2022-06-30": {"researchDevelopment": null, "effectOfAccountingCharges": null, "incomeBeforeTax": 1033000000, "minorityInterest": null, "netIncome": 735000000, "sellingGeneralAdministrative": 526000000, "grossProfit": 3064000000, "ebit": 1592000000, "operatingIncome": 1592000000, "otherOperatingExpenses": 436000000, "interestExpense": -269000000, "extraordinaryItems": null, "nonRecurring": null, "otherItems": null, "incomeTaxExpense": 298000000, "totalRevenue": 13824000000, "totalOperatingExpenses": 12232000000, "costOfRevenue": 10760000000, "totalOtherIncomeExpenseNet": -559000000, "discontinuedOperations": null, "netIncomeFromContinuingOps": 735000000, "netIncomeApplicableToCommonShares": 735000000}, "2022-03-31": {"researchDevelopment": null, "effectOfAccountingCharges": null, "incomeBeforeTax": -1200000000, "minorityInterest": null, "netIncome": -940000000, "sellingGeneralAdministrative": 312000000, "grossProfit": 507000000, "ebit": -719000000, "operatingIncome": -719000000, "otherOperatingExpenses": 408000000, "interestExpense": -274000000, "extraordinaryItems": null, "nonRecurring": null, "otherItems": null, "incomeTaxExpense": -260000000, "totalRevenue": 9348000000, "totalOperatingExpenses": 10067000000, "costOfRevenue": 8841000000, "totalOtherIncomeExpenseNet": -481000000, "discontinuedOperations": null, "netIncomeFromContinuingOps": -940000000, "netIncomeApplicableToCommonShares": -940000000}, "2021-12-31": {"researchDevelopment": null, "effectOfAccountingCharges": null, "incomeBeforeTax": -395000000, "minorityInterest": null, "netIncome": -408000000, "sellingGeneralAdministrative": 313000000, "grossProfit": 1584000000, "ebit": 368000000, "operatingIncome": 368000000, "otherOperatingExpenses": 399000000, "interestExpense": -265000000, "extraordinaryItems": null, "nonRecurring": null, "otherItems": null, "incomeTaxExpense": 13000000, "totalRevenue": 9470000000, "totalOperatingExpenses": 9102000000, "costOfRevenue": 7886000000, "totalOtherIncomeExpenseNet": -763000000, "discontinuedOperations": null, "netIncomeFromContinuingOps": -408000000, "netIncomeApplicableToCommonShares": -408000000}, "2021-09-30": {"researchDevelopment": null, "effectOfAccountingCharges": null, "incomeBeforeTax": 1532000000, "minorityInterest": null, "netIncome": 1212000000, "sellingGeneralAdministrative": 308000000, "grossProfit": 1695000000, "ebit": 529000000, "operatingIncome": 529000000, "otherOperatingExpenses": 357000000, "interestExpense": -314000000, "extraordinaryItems": null, "nonRecurring": null, "otherItems": null, "incomeTaxExpense": 320000000, "totalRevenue": 9154000000, "totalOperatingExpenses": 8625000000, "costOfRevenue": 7459000000, "totalOtherIncomeExpenseNet": 1003000000, "discontinuedOperations": null, "netIncomeFromContinuingOps": 1212000000, "netIncomeApplicableToCommonShares": 1212000000}}}, "cash": {"annual": {"2021-12-31": {"investments": 2381000000, "changeToLiabilities": 4176000000, "totalCashflowsFromInvestingActivities": -898000000, "netBorrowings": -3932000000, "totalCashFromFinancingActivities": -3852000000, "changeToOperatingActivities": -367000000, "netIncome": 280000000, "changeInCash": -1486000000, "totalCashFromOperatingActivities": 3264000000, "depreciation": 1697000000, "otherCashflowsFromInvestingActivities": -32000000, "changeToInventory": -318000000, "changeToAccountReceivables": -981000000, "otherCashflowsFromFinancingActivities": 80000000, "changeToNetincome": -1524000000, "capitalExpenditures": -3247000000}, "2020-12-31": {"investments": -7891000000, "changeToLiabilities": 123000000, "totalCashflowsFromInvestingActivities": -9238000000, "netBorrowings": 20162000000, "totalCashFromFinancingActivities": 19356000000, "changeToOperatingActivities": -255000000, "netIncome": -12385000000, "changeInCash": 6325000000, "repurchaseOfStock": -344000000, "totalCashFromOperatingActivities": -3793000000, "depreciation": 1986000000, "otherCashflowsFromInvestingActivities": 552000000, "dividendsPaid": -260000000, "changeToInventory": 354000000, "changeToAccountReceivables": 1168000000, "otherCashflowsFromFinancingActivities": -202000000, "changeToNetincome": 4912000000, "capitalExpenditures": -1899000000}, "2019-12-31": {"investments": 315000000, "changeToLiabilities": 685000000, "totalCashflowsFromInvestingActivities": -4563000000, "netBorrowings": 148000000, "totalCashFromFinancingActivities": -2880000000, "changeToOperatingActivities": 449000000, "netIncome": 4767000000, "changeInCash": 982000000, "repurchaseOfStock": -2027000000, "totalCashFromOperatingActivities": 8425000000, "depreciation": 2342000000, "otherCashflowsFromInvestingActivities": 58000000, "dividendsPaid": -980000000, "changeToInventory": -139000000, "changeToAccountReceivables": -775000000, "otherCashflowsFromFinancingActivities": -21000000, "changeToNetincome": 857000000, "capitalExpenditures": -4936000000}, "2018-12-31": {"investments": 649000000, "changeToLiabilities": 198000000, "totalCashflowsFromInvestingActivities": -4393000000, "netBorrowings": 700000000, "totalCashFromFinancingActivities": -1726000000, "changeToOperatingActivities": 59000000, "netIncome": 3935000000, "changeInCash": 895000000, "repurchaseOfStock": -1575000000, "totalCashFromOperatingActivities": 7014000000, "depreciation": 2124000000, "otherCashflowsFromInvestingActivities": 126000000, "dividendsPaid": -909000000, "changeToInventory": 324000000, "changeToAccountReceivables": 108000000, "otherCashflowsFromFinancingActivities": 58000000, "changeToNetincome": 61000000, "capitalExpenditures": -5168000000}}, "quarterly": {"2022-06-30": {"investments": 695000000, "changeToLiabilities": 0, "totalCashflowsFromInvestingActivities": -152000000, "netBorrowings": -952000000, "totalCashFromFinancingActivities": -966000000, "netIncome": 735000000, "changeInCash": 1417000000, "totalCashFromOperatingActivities": 2535000000, "depreciation": 510000000, "otherCashflowsFromInvestingActivities": 111000000, "otherCashflowsFromFinancingActivities": -14000000, "changeToNetincome": 1290000000, "capitalExpenditures": -958000000}, "2022-03-31": {"investments": 1020000000, "changeToLiabilities": 0, "totalCashflowsFromInvestingActivities": -749000000, "netBorrowings": -1443000000, "totalCashFromFinancingActivities": -1456000000, "netIncome": -940000000, "changeInCash": -434000000, "totalCashFromOperatingActivities": 1771000000, "depreciation": 506000000, "otherCashflowsFromInvestingActivities": -3000000, "otherCashflowsFromFinancingActivities": -13000000, "changeToNetincome": 2205000000, "capitalExpenditures": -1766000000}, "2021-12-31": {"investments": 1022000000, "changeToLiabilities": 4176000000, "totalCashflowsFromInvestingActivities": -480000000, "netBorrowings": -1149000000, "totalCashFromFinancingActivities": -1167000000, "changeToOperatingActivities": -367000000, "netIncome": -408000000, "changeInCash": -1091000000, "totalCashFromOperatingActivities": 556000000, "depreciation": 203000000, "otherCashflowsFromInvestingActivities": -284000000, "changeToInventory": -318000000, "changeToAccountReceivables": -981000000, "otherCashflowsFromFinancingActivities": -18000000, "changeToNetincome": -2050000000, "capitalExpenditures": -1218000000}, "2021-09-30": {"investments": 452000000, "changeToLiabilities": 0, "totalCashflowsFromInvestingActivities": -384000000, "netBorrowings": -1552000000, "totalCashFromFinancingActivities": -1565000000, "changeToOperatingActivities": -367000000, "netIncome": 1212000000, "changeInCash": -1798000000, "totalCashFromOperatingActivities": 151000000, "depreciation": 501000000, "otherCashflowsFromInvestingActivities": -6000000, "changeToInventory": -318000000, "changeToAccountReceivables": -981000000, "otherCashflowsFromFinancingActivities": -13000000, "changeToNetincome": -1563000000, "capitalExpenditures": -830000000}}}}, "UAL": {"balance": {"annual": {"2021-12-31": {"intangibleAssets": 2803000000, "capitalSurplus": 9156000000, "totalLiab": 63146000000, "totalStockholderEquity": 5029000000, "otherCurrentLiab": 9153000000, "totalAssets": 68175000000, "commonStock": 4000000, "otherCurrentAssets": 37000000, "retainedEarnings": 625000000, "otherLiab": 8247000000, "goodWill": 4527000000, "treasuryStock": -4756000000, "otherAssets": 3163000000, "cash": 18283000000, "totalCurrentLiabilities": 18304000000, "deferredLongTermAssetCharges": 659000000, "shortLongTermDebt": 3002000000, "otherStockholderEquity": -942000000, "propertyPlantEquipment": 34504000000, "totalCurrentAssets": 21834000000, "longTermInvestments": 1344000000, "netTangibleAssets": -2301000000, "shortTermInvestments": 123000000, "netReceivables": 1663000000, "longTermDebt": 30361000000, "inventory": 983000000, "accountsPayable": 2562000000}, "2020-12-31": {"intangibleAssets": 2838000000, "capitalSurplus": 8366000000, "totalLiab": 53588000000, "totalStockholderEquity": 5960000000, "otherCurrentLiab": 6447000000, "totalAssets": 59548000000, "commonStock": 4000000, "otherCurrentAssets": 255000000, "retainedEarnings": 2626000000, "otherLiab": 9677000000, "goodWill": 4527000000, "treasuryStock": -5036000000, "otherAssets": 1546000000, "cash": 11269000000, "totalCurrentLiabilities": 12725000000, "deferredLongTermAssetCharges": 131000000, "shortLongTermDebt": 1911000000, "otherStockholderEquity": -1139000000, "propertyPlantEquipment": 34837000000, "totalCurrentAssets": 14800000000, "longTermInvestments": 1000000000, "netTangibleAssets": -1405000000, "shortTermInvestments": 414000000, "netReceivables": 1295000000, "longTermDebt": 24836000000, "inventory": 932000000, "accountsPayable": 1595000000}, "2019-12-31": {"intangibleAssets": 3009000000, "capitalSurplus": 6129000000, "totalLiab": 41080000000, "totalStockholderEquity": 11531000000, "otherCurrentLiab": 7825000000, "totalAssets": 52611000000, "commonStock": 3000000, "retainedEarnings": 9716000000, "otherLiab": 7831000000, "goodWill": 4523000000, "treasuryStock": -4317000000, "otherAssets": 2161000000, "cash": 2762000000, "totalCurrentLiabilities": 14938000000, "shortLongTermDebt": 1407000000, "otherStockholderEquity": -718000000, "propertyPlantEquipment": 33568000000, "totalCurrentAssets": 8194000000, "longTermInvestments": 1156000000, "netTangibleAssets": 3999000000, "shortTermInvestments": 2182000000, "netReceivables": 1364000000, "longTermDebt": 13145000000, "inventory": 1072000000, "accountsPayable": 2703000000}, "2018-12-31": {"intangibleAssets": 3159000000, "capitalSurplus": 6120000000, "totalLiab": 38982000000, "totalStockholderEquity": 10042000000, "otherCurrentLiab": 7220000000, "totalAssets": 49024000000, "commonStock": 3000000, "retainedEarnings": 6715000000, "otherLiab": 7428000000, "goodWill": 4523000000, "treasuryStock": -2796000000, "otherAssets": 1809000000, "cash": 1694000000, "totalCurrentLiabilities": 13839000000, "shortLongTermDebt": 1230000000, "otherStockholderEquity": -803000000, "propertyPlantEquipment": 31484000000, "totalCurrentAssets": 7094000000, "longTermInvestments": 955000000, "netTangibleAssets": 2360000000, "shortTermInvestments": 2256000000, "netReceivables": 1426000000, "longTermDebt": 12215000000, "inventory": 985000000, "accountsPayable": 2363000000}}, "quarterly": {"2022-06-30": {"intangibleAssets": 2782000000, "capitalSurplus": 8970000000, "totalLiab": 66417000000, "totalStockholderEquity": 3964000000, "otherCurrentLiab": 13199000000, "totalAssets": 70381000000, "commonStock": 4000000, "otherCurrentAssets": 43000000, "retainedEarnings": -515000000, "otherLiab": 8100000000, "goodWill": 4527000000, "treasuryStock": -4495000000, "otherAssets": 3449000000, "cash": 16885000000, "totalCurrentLiabilities": 23444000000, "deferredLongTermAssetCharges": 907000000, "shortLongTermDebt": 3012000000, "otherStockholderEquity": -944000000, "propertyPlantEquipment": 33955000000, "totalCurrentAssets": 24371000000, "longTermInvestments": 1297000000, "netTangibleAssets": -3345000000, "shortTermInvestments": 3190000000, "netReceivables": 2217000000, "longTermDebt": 29175000000, "inventory": 1153000000, "accountsPayable": 3755000000}, "2022-03-31": {"intangibleAssets": 2792000000, "capitalSurplus": 8953000000, "totalLiab": 65414000000, "totalStockholderEquity": 3624000000, "otherCurrentLiab": 12033000000, "totalAssets": 69038000000, "commonStock": 4000000, "otherCurrentAssets": 41000000, "retainedEarnings": -844000000, "otherLiab": 8109000000, "goodWill": 4527000000, "treasuryStock": -4489000000, "otherAssets": 3506000000, "cash": 18468000000, "totalCurrentLiabilities": 21788000000, "deferredLongTermAssetCharges": 1032000000, "shortLongTermDebt": 2994000000, "otherStockholderEquity": -937000000, "propertyPlantEquipment": 34200000000, "totalCurrentAssets": 22612000000, "longTermInvestments": 1401000000, "netTangibleAssets": -3695000000, "shortTermInvestments": 211000000, "netReceivables": 2062000000, "longTermDebt": 29665000000, "inventory": 1068000000, "accountsPayable": 2966000000}, "2021-12-31": {"intangibleAssets": 2803000000, "capitalSurplus": 9156000000, "totalLiab": 63146000000, "totalStockholderEquity": 5029000000, "otherCurrentLiab": 9153000000, "totalAssets": 68175000000, "commonStock": 4000000, "otherCurrentAssets": 37000000, "retainedEarnings": 625000000, "otherLiab": 8247000000, "goodWill": 4527000000, "treasuryStock": -4756000000, "otherAssets": 3163000000, "cash": 18283000000, "totalCurrentLiabilities": 18304000000, "deferredLongTermAssetCharges": 659000000, "shortLongTermDebt": 3002000000, "otherStockholderEquity": -942000000, "propertyPlantEquipment": 34504000000, "totalCurrentAssets": 21834000000, "longTermInvestments": 1344000000, "netTangibleAssets": -2301000000, "shortTermInvestments": 123000000, "netReceivables": 1663000000, "longTermDebt": 30361000000, "inventory": 983000000, "accountsPayable": 2562000000}, "2021-09-30": {"intangibleAssets": 2815000000, "capitalSurplus": 9094000000, "totalLiab": 63863000000, "totalStockholderEquity": 5431000000, "otherCurrentLiab": 9575000000, "totalAssets": 69294000000, "commonStock": 4000000, "otherCurrentAssets": 254000000, "retainedEarnings": 1271000000, "otherLiab": 8589000000, "goodWill": 4527000000, "treasuryStock": -4938000000, "otherAssets": 2913000000, "cash": 19256000000, "totalCurrentLiabilities": 16935000000, "deferredLongTermAssetCharges": 519000000, "shortLongTermDebt": 2269000000, "otherStockholderEquity": -1124000000, "propertyPlantEquipment": 34646000000, "totalCurrentAssets": 23057000000, "longTermInvestments": 1336000000, "netTangibleAssets": -1911000000, "shortTermInvestments": 166000000, "netReceivables": 1709000000, "longTermDebt": 31520000000, "inventory": 955000000, "accountsPayable": 2199000000}}}, "income": {"annual": {"2021-12-31": {"researchDevelopment": null, "effectOfAccountingCharges": null, "incomeBeforeTax": -2557000000, "minorityInterest": null, "netIncome": -1964000000, "sellingGeneralAdministrative": 776000000, "grossProfit": 3265000000, "ebit": -4330000000, "operatingIncome": -4330000000, "otherOperatingExpenses": 4334000000, "interestExpense": -1577000000, "extraordinaryItems": null, "nonRecurring": null, "otherItems": null, "incomeTaxExpense": -593000000, "totalRevenue": 24634000000, "totalOperatingExpenses": 28964000000, "costOfRevenue": 21369000000, "totalOtherIncomeExpenseNet": 1773000000, "discontinuedOperations": null, "netIncomeFromContinuingOps": -1964000000, "netIncomeApplicableToCommonShares": -1964000000}, "2020-12-31": {"researchDevelopment": null, "effectOfAccountingCharges": null, "incomeBeforeTax": -8822000000, "minorityInterest": null, "netIncome": -7069000000, "sellingGeneralAdministrative": 546000000, "grossProfit": -2471000000, "ebit": -8904000000, "operatingIncome": -8904000000, "otherOperatingExpenses": 3399000000, "interestExpense": -992000000, "extraordinaryItems": null, "nonRecurring": null, "otherItems": null, "incomeTaxExpense": -1753000000, "totalRevenue": 15355000000, "totalOperatingExpenses": 24259000000, "costOfRevenue": 17826000000, "totalOtherIncomeExpenseNet": 82000000, "discontinuedOperations": null, "netIncomeFromContinuingOps": -7069000000, "netIncomeApplicableToCommonShares": -7069000000}, "2019-12-31": {"researchDevelopment": null, "effectOfAccountingCharges": null, "incomeBeforeTax": 3914000000, "minorityInterest": null, "netIncome": 3009000000, "sellingGeneralAdministrative": 1863000000, "grossProfit": 14782000000, "ebit": 4568000000, "operatingIncome": 4568000000, "otherOperatingExpenses": 6063000000, "interestExpense": -646000000, "extraordinaryItems": null, "nonRecurring": null, "otherItems": null, "incomeTaxExpense": 905000000, "totalRevenue": 43259000000, "totalOperatingExpenses": 38691000000, "costOfRevenue": 28477000000, "totalOtherIncomeExpenseNet": -654000000, "discontinuedOperations": null, "netIncomeFromContinuingOps": 3009000000, "netIncomeApplicableToCommonShares": 3009000000}, "2018-12-31": {"researchDevelopment": null, "effectOfAccountingCharges": null, "incomeBeforeTax": 2648000000, "minorityInterest": null, "netIncome": 2122000000, "sellingGeneralAdministrative": 1769000000, "grossProfit": 13194000000, "ebit": 3670000000, "operatingIncome": 3670000000, "otherOperatingExpenses": 5590000000, "interestExpense": -605000000, "extraordinaryItems": null, "nonRecurring": null, "otherItems": null, "incomeTaxExpense": 526000000, "totalRevenue": 41303000000, "totalOperatingExpenses": 37633000000, "costOfRevenue": 28109000000, "totalOtherIncomeExpenseNet": -1022000000, "discontinuedOperations": null, "netIncomeFromContinuingOps": 2122000000, "netIncomeApplicableToCommonShares": 2122000000}}, "quarterly": {"2022-06-30": {"researchDevelopment": null, "effectOfAccountingCharges": null, "incomeBeforeTax": 459000000, "minorityInterest": null, "netIncome": 329000000, "sellingGeneralAdministrative": 393000000, "grossProfit": 3659000000, "ebit": 1013000000, "operatingIncome": 1013000000, "otherOperatingExpenses": 1642000000, "interestExpense": -398000000, "extraordinaryItems": null, "nonRecurring": null, "otherItems": null, "incomeTaxExpense": 130000000, "totalRevenue": 12112000000, "totalOperatingExpenses": 11099000000, "costOfRevenue": 8453000000, "totalOtherIncomeExpenseNet": -554000000, "discontinuedOperations": null, "netIncomeFromContinuingOps": 329000000, "netIncomeApplicableToCommonShares": 329000000}, "2022-03-31": {"researchDevelopment": null, "effectOfAccountingCharges": null, "incomeBeforeTax": -1752000000, "minorityInterest": null, "netIncome": -1377000000, "sellingGeneralAdministrative": 226000000, "grossProfit": 928000000, "ebit": -1360000000, "operatingIncome": -1360000000, "otherOperatingExpenses": 1451000000, "interestExpense": -400000000, "extraordinaryItems": null, "nonRecurring": null, "otherItems": null, "incomeTaxExpense": -375000000, "totalRevenue": 7566000000, "totalOperatingExpenses": 8926000000, "costOfRevenue": 6638000000, "totalOtherIncomeExpenseNet": -392000000, "discontinuedOperations": null, "netIncomeFromContinuingOps": -1377000000, "netIncomeApplicableToCommonShares": -1377000000}, "2021-12-31": {"researchDevelopment": null, "effectOfAccountingCharges": null, "incomeBeforeTax": -845000000, "minorityInterest": null, "netIncome": -646000000, "sellingGeneralAdministrative": 334000000, "grossProfit": 1927000000, "ebit": -332000000, "operatingIncome": -332000000, "otherOperatingExpenses": 1306000000, "interestExpense": -406000000, "extraordinaryItems": null, "nonRecurring": null, "otherItems": null, "incomeTaxExpense": -199000000, "totalRevenue": 8192000000, "totalOperatingExpenses": 8524000000, "costOfRevenue": 6265000000, "totalOtherIncomeExpenseNet": -513000000, "discontinuedOperations": null, "netIncomeFromContinuingOps": -646000000, "netIncomeApplicableToCommonShares": -646000000}, "2021-09-30": {"researchDevelopment": null, "effectOfAccountingCharges": null, "incomeBeforeTax": 603000000, "minorityInterest": null, "netIncome": 473000000, "sellingGeneralAdministrative": 218000000, "grossProfit": 1988000000, "ebit": -50000000, "operatingIncome": -50000000, "otherOperatingExpenses": 1197000000, "interestExpense": -431000000, "extraordinaryItems": null, "nonRecurring": null, "otherItems": null, "incomeTaxExpense": 130000000, "totalRevenue": 7750000000, "totalOperatingExpenses": 7800000000, "costOfRevenue": 5762000000, "totalOtherIncomeExpenseNet": 653000000, "discontinuedOperations": null, "netIncomeFromContinuingOps": 473000000, "netIncomeApplicableToCommonShares": 473000000}}}, "cash": {"annual": {"2021-12-31": {"investments": 329000000, "changeToLiabilities": 2813000000, "totalCashflowsFromInvestingActivities": -1672000000, "netBorrowings": 5891000000, "totalCashFromFinancingActivities": 6396000000, "changeToOperatingActivities": -695000000, "issuanceOfStock": 532000000, "netIncome": -1964000000, "changeInCash": 6791000000, "totalCashFromOperatingActivities": 2067000000, "depreciation": 2303000000, "otherCashflowsFromInvestingActivities": -1000000, "changeToAccountReceivables": -448000000, "otherCashflowsFromFinancingActivities": -27000000, "changeToNetincome": -124000000, "capitalExpenditures": -2107000000}, "2020-12-31": {"investments": 1767000000, "changeToLiabilities": -366000000, "totalCashflowsFromInvestingActivities": 50000000, "netBorrowings": 11227000000, "totalCashFromFinancingActivities": 12957000000, "changeToOperatingActivities": 458000000, "issuanceOfStock": 2103000000, "netIncome": -7069000000, "changeInCash": 8874000000, "repurchaseOfStock": -353000000, "totalCashFromOperatingActivities": -4133000000, "depreciation": 2316000000, "otherCashflowsFromInvestingActivities": 4000000, "changeToAccountReceivables": 135000000, "otherCashflowsFromFinancingActivities": -20000000, "changeToNetincome": 221000000, "capitalExpenditures": -1727000000}, "2019-12-31": {"investments": 63000000, "changeToLiabilities": 1033000000, "totalCashflowsFromInvestingActivities": -4560000000, "netBorrowings": 395000000, "totalCashFromFinancingActivities": -1280000000, "changeToOperatingActivities": -554000000, "issuanceOfStock": 2103000000, "netIncome": 3009000000, "changeInCash": 1069000000, "repurchaseOfStock": -1645000000, "totalCashFromOperatingActivities": 6909000000, "depreciation": 2153000000, "otherCashflowsFromInvestingActivities": 30000000, "changeToAccountReceivables": 44000000, "otherCashflowsFromFinancingActivities": -30000000, "changeToNetincome": 1089000000, "capitalExpenditures": -4528000000}, "2018-12-31": {"investments": -75000000, "changeToLiabilities": 793000000, "totalCashflowsFromInvestingActivities": -4455000000, "netBorrowings": -212000000, "totalCashFromFinancingActivities": -1501000000, "changeToOperatingActivities": -27000000, "issuanceOfStock": 2103000000, "netIncome": 2122000000, "changeInCash": 208000000, "repurchaseOfStock": -1235000000, "totalCashFromOperatingActivities": 6164000000, "depreciation": 2043000000, "otherCashflowsFromInvestingActivities": 156000000, "changeToAccountReceivables": 17000000, "otherCashflowsFromFinancingActivities": -54000000, "changeToNetincome": 1094000000, "capitalExpenditures": -4070000000}}, "quarterly": {"2022-06-30": {"investments": -2993000000, "changeToLiabilities": 0, "totalCashflowsFromInvestingActivities": -3484000000, "netBorrowings": -800000000, "totalCashFromFinancingActivities": -798000000, "netIncome": 329000000, "changeInCash": -1591000000, "totalCashFromOperatingActivities": 2691000000, "depreciation": 611000000, "otherCashflowsFromInvestingActivities": -13000000, "otherCashflowsFromFinancingActivities": 2000000, "changeToNetincome": 1751000000, "capitalExpenditures": -550000000}, "2022-03-31": {"investments": -94000000, "changeToLiabilities": 0, "totalCashflowsFromInvestingActivities": -430000000, "netBorrowings": -783000000, "totalCashFromFinancingActivities": -856000000, "netIncome": -1377000000, "changeInCash": 190000000, "totalCashFromOperatingActivities": 1476000000, "depreciation": 611000000, "otherCashflowsFromInvestingActivities": -13000000, "otherCashflowsFromFinancingActivities": -73000000, "changeToNetincome": 2242000000, "capitalExpenditures": -402000000}, "2021-12-31": {"investments": 105000000, "changeToLiabilities": 2813000000, "totalCashflowsFromInvestingActivities": -348000000, "netBorrowings": -575000000, "totalCashFromFinancingActivities": -575000000, "changeToOperatingActivities": -695000000, "netIncome": -646000000, "changeInCash": -1192000000, "totalCashFromOperatingActivities": -269000000, "depreciation": 437000000, "otherCashflowsFromInvestingActivities": -24000000, "changeToAccountReceivables": -448000000, "otherCashflowsFromFinancingActivities": -73000000, "changeToNetincome": -1912000000, "capitalExpenditures": -536000000}, "2021-09-30": {"investments": 40000000, "changeToLiabilities": 0, "totalCashflowsFromInvestingActivities": -214000000, "netBorrowings": -578000000, "totalCashFromFinancingActivities": -583000000, "changeToOperatingActivities": -695000000, "netIncome": 473000000, "changeInCash": -1583000000, "totalCashFromOperatingActivities": -786000000, "depreciation": 623000000, "otherCashflowsFromInvestingActivities": 12000000, "changeToAccountReceivables": -448000000, "otherCashflowsFromFinancingActivities": -5000000, "changeToNetincome": -1882000000, "capitalExpenditures": -266000000}}}}, "AAL": {"balance": {"annual": {"2021-12-31": {"intangibleAssets": 1988000000, "capitalSurplus": 7234000000, "totalLiab": 73807000000, "totalStockholderEquity": -7340000000, "otherCurrentLiab": 8983000000, "totalAssets": 66467000000, "commonStock": 6000000, "otherCurrentAssets": 990000000, "retainedEarnings": -8638000000, "otherLiab": 12620000000, "goodWill": 4091000000, "treasuryStock": -5942000000, "otherAssets": 5943000000, "cash": 273000000, "totalCurrentLiabilities": 19006000000, "deferredLongTermAssetCharges": 3556000000, "shortLongTermDebt": 2315000000, "otherStockholderEquity": -5942000000, "propertyPlantEquipment": 36870000000, "totalCurrentAssets": 17336000000, "longTermInvestments": 239000000, "netTangibleAssets": -13419000000, "shortTermInvestments": 12158000000, "netReceivables": 1505000000, "longTermDebt": 35008000000, "inventory": 1795000000, "accountsPayable": 1772000000}, "2020-12-31": {"intangibleAssets": 2029000000, "capitalSurplus": 6894000000, "totalLiab": 68875000000, "totalStockholderEquity": -6867000000, "otherCurrentLiab": 6790000000, "totalAssets": 62008000000, "commonStock": 6000000, "otherCurrentAssets": 609000000, "retainedEarnings": -6664000000, "otherLiab": 15733000000, "goodWill": 4091000000, "treasuryStock": -7103000000, "otherAssets": 6340000000, "cash": 245000000, "totalCurrentLiabilities": 16569000000, "deferredLongTermAssetCharges": 3239000000, "shortLongTermDebt": 2697000000, "otherStockholderEquity": -7103000000, "propertyPlantEquipment": 38292000000, "totalCurrentAssets": 11095000000, "longTermInvestments": 161000000, "netTangibleAssets": -12987000000, "shortTermInvestments": 6619000000, "netReceivables": 1342000000, "longTermDebt": 29324000000, "inventory": 1614000000, "accountsPayable": 1196000000}, "2019-12-31": {"intangibleAssets": 2084000000, "capitalSurplus": 3945000000, "totalLiab": 60113000000, "totalStockholderEquity": -118000000, "otherCurrentLiab": 8001000000, "totalAssets": 59995000000, "commonStock": 4000000, "otherCurrentAssets": 158000000, "retainedEarnings": 2264000000, "otherLiab": 12927000000, "goodWill": 4091000000, "treasuryStock": -6331000000, "otherAssets": 3352000000, "cash": 280000000, "totalCurrentLiabilities": 18311000000, "deferredLongTermAssetCharges": 645000000, "shortLongTermDebt": 2749000000, "otherStockholderEquity": -6331000000, "propertyPlantEquipment": 42058000000, "totalCurrentAssets": 8206000000, "longTermInvestments": 204000000, "netTangibleAssets": -6293000000, "shortTermInvestments": 3546000000, "netReceivables": 1750000000, "longTermDebt": 20896000000, "inventory": 1851000000, "accountsPayable": 2062000000}, "2018-12-31": {"intangibleAssets": 2137000000, "capitalSurplus": 4964000000, "totalLiab": 60749000000, "totalStockholderEquity": -169000000, "otherCurrentLiab": 7606000000, "totalAssets": 60580000000, "commonStock": 5000000, "otherCurrentAssets": 154000000, "retainedEarnings": 758000000, "otherLiab": 13572000000, "goodWill": 4091000000, "treasuryStock": -5896000000, "otherAssets": 3555000000, "cash": 275000000, "totalCurrentLiabilities": 18096000000, "deferredLongTermAssetCharges": 1145000000, "shortLongTermDebt": 3213000000, "otherStockholderEquity": -5896000000, "propertyPlantEquipment": 41971000000, "totalCurrentAssets": 8637000000, "longTermInvestments": 189000000, "netTangibleAssets": -6397000000, "shortTermInvestments": 4485000000, "netReceivables": 1706000000, "longTermDebt": 20566000000, "inventory": 1522000000, "accountsPayable": 1773000000}}, "quarterly": {"2022-06-30": {"intangibleAssets": 2079000000, "capitalSurplus": 7259000000, "totalLiab": 76385000000, "totalStockholderEquity": -8422000000, "otherCurrentLiab": 12034000000, "totalAssets": 67963000000, "commonStock": 6000000, "otherCurrentAssets": 997000000, "retainedEarnings": -9797000000, "otherLiab": 12339000000, "goodWill": 4091000000, "treasuryStock": -5890000000, "otherAssets": 6150000000, "cash": 401000000, "totalCurrentLiabilities": 22770000000, "deferredLongTermAssetCharges": 3858000000, "shortLongTermDebt": 1933000000, "otherStockholderEquity": -5890000000, "propertyPlantEquipment": 36887000000, "totalCurrentAssets": 18525000000, "longTermInvestments": 231000000, "netTangibleAssets": -14592000000, "shortTermInvestments": 12121000000, "netReceivables": 1835000000, "longTermDebt": 34421000000, "inventory": 2273000000, "accountsPayable": 2733000000}, "2022-03-31": {"intangibleAssets": 1970000000, "capitalSurplus": 7243000000, "totalLiab": 76341000000, "totalStockholderEquity": -8940000000, "otherCurrentLiab": 11456000000, "totalAssets": 67401000000, "commonStock": 6000000, "otherCurrentAssets": 952000000, "retainedEarnings": -10273000000, "otherLiab": 12485000000, "goodWill": 4091000000, "treasuryStock": -5916000000, "otherAssets": 6284000000, "cash": 376000000, "totalCurrentLiabilities": 21866000000, "deferredLongTermAssetCharges": 4000000000, "shortLongTermDebt": 2208000000, "otherStockholderEquity": -5916000000, "propertyPlantEquipment": 37058000000, "totalCurrentAssets": 17762000000, "longTermInvestments": 236000000, "netTangibleAssets": -15001000000, "shortTermInvestments": 12108000000, "netReceivables": 1537000000, "longTermDebt": 34885000000, "inventory": 2002000000, "accountsPayable": 2546000000}, "2021-12-31": {"intangibleAssets": 1988000000, "capitalSurplus": 7234000000, "totalLiab": 73807000000, "totalStockholderEquity": -7340000000, "otherCurrentLiab": 8983000000, "totalAssets": 66467000000, "commonStock": 6000000, "otherCurrentAssets": 990000000, "retainedEarnings": -8638000000, "otherLiab": 12620000000, "goodWill": 4091000000, "treasuryStock": -5942000000, "otherAssets": 5943000000, "cash": 273000000, "totalCurrentLiabilities": 19006000000, "deferredLongTermAssetCharges": 3556000000, "shortLongTermDebt": 2315000000, "otherStockholderEquity": -5942000000, "propertyPlantEquipment": 36870000000, "totalCurrentAssets": 17336000000, "longTermInvestments": 239000000, "netTangibleAssets": -13419000000, "shortTermInvestments": 12158000000, "netReceivables": 1505000000, "longTermDebt": 35008000000, "inventory": 1795000000, "accountsPayable": 1772000000}, "2021-09-30": {"intangibleAssets": 1998000000, "capitalSurplus": 7221000000, "totalLiab": 75874000000, "totalStockholderEquity": -7437000000, "otherCurrentLiab": 9241000000, "totalAssets": 68437000000, "commonStock": 6000000, "otherCurrentAssets": 923000000, "retainedEarnings": -7707000000, "otherLiab": 14321000000, "goodWill": 4091000000, "treasuryStock": -6957000000, "otherAssets": 6025000000, "cash": 293000000, "totalCurrentLiabilities": 18938000000, "deferredLongTermAssetCharges": 3582000000, "shortLongTermDebt": 2405000000, "otherStockholderEquity": -6957000000, "propertyPlantEquipment": 36975000000, "totalCurrentAssets": 19195000000, "longTermInvestments": 153000000, "netTangibleAssets": -13526000000, "shortTermInvestments": 14243000000, "netReceivables": 1332000000, "longTermDebt": 35470000000, "inventory": 1851000000, "accountsPayable": 1835000000}}}, "income": {"annual": {"2021-12-31": {"researchDevelopment": null, "effectOfAccountingCharges": null, "incomeBeforeTax": -2548000000, "minorityInterest": null, "netIncome": -1993000000, "sellingGeneralAdministrative": 1098000000, "grossProfit": 1934000000, "ebit": -5177000000, "operatingIncome": -5177000000, "otherOperatingExpenses": 3994000000, "interestExpense": -1800000000, "extraordinaryItems": null, "nonRecurring": null, "otherItems": null, "incomeTaxExpense": -555000000, "totalRevenue": 29882000000, "totalOperatingExpenses": 35059000000, "costOfRevenue": 27948000000, "totalOtherIncomeExpenseNet": 2629000000, "discontinuedOperations": null, "netIncomeFromContinuingOps": -1993000000, "netIncomeApplicableToCommonShares": -1993000000}, "2020-12-31": {"researchDevelopment": null, "effectOfAccountingCharges": null, "incomeBeforeTax": -11453000000, "minorityInterest": null, "netIncome": -8885000000, "sellingGeneralAdministrative": 666000000, "grossProfit": -5166000000, "ebit": -11058000000, "operatingIncome": -11058000000, "otherOperatingExpenses": 3186000000, "interestExpense": -1227000000, "extraordinaryItems": null, "nonRecurring": null, "otherItems": null, "incomeTaxExpense": -2568000000, "totalRevenue": 17337000000, "totalOperatingExpenses": 28395000000, "costOfRevenue": 22503000000, "totalOtherIncomeExpenseNet": -395000000, "discontinuedOperations": null, "netIncomeFromContinuingOps": -8885000000, "netIncomeApplicableToCommonShares": -8885000000}, "2019-12-31": {"researchDevelopment": null, "effectOfAccountingCharges": null, "incomeBeforeTax": 2256000000, "minorityInterest": null, "netIncome": 1686000000, "sellingGeneralAdministrative": 2004000000, "grossProfit": 13303000000, "ebit": 3889000000, "operatingIncome": 3889000000, "otherOperatingExpenses": 5428000000, "interestExpense": -1095000000, "extraordinaryItems": null, "nonRecurring": null, "otherItems": null, "incomeTaxExpense": 570000000, "totalRevenue": 45768000000, "totalOperatingExpenses": 41879000000, "costOfRevenue": 32465000000, "totalOtherIncomeExpenseNet": -1633000000, "discontinuedOperations": null, "netIncomeFromContinuingOps": 1686000000, "netIncomeApplicableToCommonShares": 1686000000}, "2018-12-31": {"researchDevelopment": null, "effectOfAccountingCharges": null, "incomeBeforeTax": 1884000000, "minorityInterest": null, "netIncome": 1412000000, "sellingGeneralAdministrative": 1520000000, "grossProfit": 12204000000, "ebit": 3757000000, "operatingIncome": 3757000000, "otherOperatingExpenses": 5088000000, "interestExpense": -1056000000, "extraordinaryItems": null, "nonRecurring": null, "otherItems": null, "incomeTaxExpense": 472000000, "totalRevenue": 44541000000, "totalOperatingExpenses": 40784000000, "costOfRevenue": 32337000000, "totalOtherIncomeExpenseNet": -1873000000, "discontinuedOperations": null, "netIncomeFromContinuingOps": 1412000000, "netIncomeApplicableToCommonShares": 1412000000}}, "quarterly": {"2022-06-30": {"researchDevelopment": null, "effectOfAccountingCharges": null, "incomeBeforeTax": 603000000, "minorityInterest": null, "netIncome": 476000000, "sellingGeneralAdministrative": 504000000, "grossProfit": 3514000000, "ebit": 1117000000, "operatingIncome": 1117000000, "otherOperatingExpenses": 1389000000, "interestExpense": -468000000, "extraordinaryItems": null, "nonRecurring": null, "otherItems": null, "incomeTaxExpense": 127000000, "totalRevenue": 13422000000, "totalOperatingExpenses": 12305000000, "costOfRevenue": 9908000000, "totalOtherIncomeExpenseNet": -514000000, "discontinuedOperations": null, "netIncomeFromContinuingOps": 476000000, "netIncomeApplicableToCommonShares": 476000000}, "2022-03-31": {"researchDevelopment": null, "effectOfAccountingCharges": null, "incomeBeforeTax": -2086000000, "minorityInterest": null, "netIncome": -1635000000, "sellingGeneralAdministrative": 332000000, "grossProfit": 649000000, "ebit": -1460000000, "operatingIncome": -1460000000, "otherOperatingExpenses": 1285000000, "interestExpense": -463000000, "extraordinaryItems": null, "nonRecurring": null, "otherItems": null, "incomeTaxExpense": -451000000, "totalRevenue": 8899000000, "totalOperatingExpenses": 10359000000, "costOfRevenue": 8250000000, "totalOtherIncomeExpenseNet": -626000000, "discontinuedOperations": null, "netIncomeFromContinuingOps": -1635000000, "netIncomeApplicableToCommonShares": -1635000000}, "2021-12-31": {"researchDevelopment": null, "effectOfAccountingCharges": null, "incomeBeforeTax": -1191000000, "minorityInterest": null, "netIncome": -932000000, "sellingGeneralAdministrative": 353000000, "grossProfit": 1428000000, "ebit": -715000000, "operatingIncome": -715000000, "otherOperatingExpenses": 1210000000, "interestExpense": -468000000, "extraordinaryItems": null, "nonRecurring": null, "otherItems": null, "incomeTaxExpense": -259000000, "totalRevenue": 9427000000, "totalOperatingExpenses": 10142000000, "costOfRevenue": 7999000000, "totalOtherIncomeExpenseNet": -476000000, "discontinuedOperations": null, "netIncomeFromContinuingOps": -932000000, "netIncomeApplicableToCommonShares": -932000000}, "2021-09-30": {"researchDevelopment": null, "effectOfAccountingCharges": null, "incomeBeforeTax": 206000000, "minorityInterest": null, "netIncome": 169000000, "sellingGeneralAdministrative": 318000000, "grossProfit": 1525000000, "ebit": -382000000, "operatingIncome": -382000000, "otherOperatingExpenses": 1109000000, "interestExpense": -476000000, "extraordinaryItems": null, "nonRecurring": null, "otherItems": null, "incomeTaxExpense": 37000000, "totalRevenue": 8969000000, "totalOperatingExpenses": 9351000000, "costOfRevenue": 7444000000, "totalOtherIncomeExpenseNet": 588000000, "discontinuedOperations": null, "netIncomeFromContinuingOps": 169000000, "netIncomeApplicableToCommonShares": 169000000}}}, "cash": {"annual": {"2021-12-31": {"investments": -5554000000, "changeToLiabilities": 1855000000, "totalCashflowsFromInvestingActivities": -5983000000, "netBorrowings": 4847000000, "totalCashFromFinancingActivities": 5288000000, "changeToOperatingActivities": -510000000, "issuanceOfStock": 460000000, "netIncome": -1993000000, "changeInCash": 9000000, "repurchaseOfStock": -18000000, "totalCashFromOperatingActivities": 704000000, "depreciation": 2335000000, "otherCashflowsFromInvestingActivities": -210000000, "changeToAccountReceivables": -304000000, "otherCashflowsFromFinancingActivities": -1000000, "changeToNetincome": -679000000, "capitalExpenditures": -412000000}, "2020-12-31": {"investments": -3029000000, "changeToLiabilities": -97000000, "totalCashflowsFromInvestingActivities": -4342000000, "netBorrowings": 8245000000, "totalCashFromFinancingActivities": 10994000000, "changeToOperatingActivities": 776000000, "issuanceOfStock": 2970000000, "netIncome": -8885000000, "changeInCash": 109000000, "repurchaseOfStock": -173000000, "totalCashFromOperatingActivities": -6543000000, "depreciation": 2370000000, "otherCashflowsFromInvestingActivities": 467000000, "dividendsPaid": -43000000, "changeToAccountReceivables": 538000000, "otherCashflowsFromFinancingActivities": -5000000, "changeToNetincome": -1245000000, "capitalExpenditures": -2131000000}, "2019-12-31": {"investments": 960000000, "changeToLiabilities": 872000000, "totalCashflowsFromInvestingActivities": -2243000000, "netBorrowings": -230000000, "totalCashFromFinancingActivities": -1568000000, "changeToOperatingActivities": -1812000000, "issuanceOfStock": 2970000000, "netIncome": 1686000000, "changeInCash": 4000000, "repurchaseOfStock": -1097000000, "totalCashFromOperatingActivities": 3815000000, "depreciation": 2318000000, "otherCashflowsFromInvestingActivities": 1109000000, "dividendsPaid": -178000000, "changeToAccountReceivables": 73000000, "otherCashflowsFromFinancingActivities": -63000000, "changeToNetincome": 678000000, "capitalExpenditures": -4366000000}, "2018-12-31": {"investments": 500000000, "changeToLiabilities": -133000000, "totalCashflowsFromInvestingActivities": -1973000000, "netBorrowings": -587000000, "totalCashFromFinancingActivities": -1672000000, "changeToOperatingActivities": -655000000, "issuanceOfStock": 2970000000, "netIncome": 1412000000, "changeInCash": -112000000, "repurchaseOfStock": -837000000, "totalCashFromOperatingActivities": 3533000000, "depreciation": 2159000000, "otherCashflowsFromInvestingActivities": 1161000000, "dividendsPaid": -186000000, "changeToAccountReceivables": 222000000, "otherCashflowsFromFinancingActivities": -62000000, "changeToNetincome": 528000000, "capitalExpenditures": -3745000000}}, "quarterly": {"2022-06-30": {"investments": -202000000, "changeToLiabilities": 0, "totalCashflowsFromInvestingActivities": -929000000, "netBorrowings": -791000000, "totalCashFromFinancingActivities": -785000000, "netIncome": 476000000, "changeInCash": 25000000, "repurchaseOfStock": -2000000, "totalCashFromOperatingActivities": 1739000000, "depreciation": 503000000, "otherCashflowsFromInvestingActivities": -46000000, "otherCashflowsFromFinancingActivities": 8000000, "changeToNetincome": 760000000, "capitalExpenditures": -692000000}, "2022-03-31": {"investments": 54000000, "changeToLiabilities": 0, "totalCashflowsFromInvestingActivities": -771000000, "netBorrowings": -294000000, "totalCashFromFinancingActivities": -310000000, "netIncome": -1635000000, "changeInCash": 104000000, "repurchaseOfStock": -14000000, "totalCashFromOperatingActivities": 1185000000, "depreciation": 492000000, "otherCashflowsFromInvestingActivities": 36000000, "otherCashflowsFromFinancingActivities": -2000000, "changeToNetincome": 2328000000, "capitalExpenditures": -869000000}, "2021-12-31": {"investments": 2065000000, "changeToLiabilities": 1855000000, "totalCashflowsFromInvestingActivities": 1738000000, "netBorrowings": -610000000, "totalCashFromFinancingActivities": -561000000, "changeToOperatingActivities": -510000000, "netIncome": -932000000, "changeInCash": -23000000, "repurchaseOfStock": -5000000, "totalCashFromOperatingActivities": -1200000000, "depreciation": 660000000, "otherCashflowsFromInvestingActivities": 48000000, "changeToAccountReceivables": -304000000, "otherCashflowsFromFinancingActivities": 54000000, "changeToNetincome": -1969000000, "capitalExpenditures": -387000000}, "2021-09-30": {"investments": 3384000000, "changeToLiabilities": 0, "totalCashflowsFromInvestingActivities": 3315000000, "netBorrowings": -1599000000, "totalCashFromFinancingActivities": -1609000000, "changeToOperatingActivities": -510000000, "netIncome": 169000000, "changeInCash": -34000000, "repurchaseOfStock": -5000000, "totalCashFromOperatingActivities": -1740000000, "depreciation": 557000000, "otherCashflowsFromInvestingActivities": -64000000, "changeToAccountReceivables": -304000000, "otherCashflowsFromFinancingActivities": -10000000, "changeToNetincome": -2467000000, "capitalExpenditures": -25000000}}}}, "ALK": {"balance": {"annual": {"2021-12-31": {"intangibleAssets": 2044000000, "capitalSurplus": 494000000, "totalLiab": 10150000000, "totalStockholderEquity": 3801000000, "otherCurrentLiab": 2128000000, "totalAssets": 13951000000, "commonStock": 1000000, "otherCurrentAssets": 71000000, "retainedEarnings": 4242000000, "otherLiab": 2704000000, "treasuryStock": -936000000, "otherAssets": 780000000, "cash": 470000000, "totalCurrentLiabilities": 3991000000, "shortLongTermDebt": 372000000, "otherStockholderEquity": -262000000, "propertyPlantEquipment": 7207000000, "totalCurrentAssets": 3920000000, "netTangibleAssets": 1757000000, "shortTermInvestments": 2646000000, "netReceivables": 546000000, "longTermDebt": 2176000000, "inventory": 62000000, "accountsPayable": 200000000}, "2020-12-31": {"intangibleAssets": 2050000000, "capitalSurplus": 391000000, "totalLiab": 11058000000, "totalStockholderEquity": 2988000000, "otherCurrentLiab": 1860000000, "totalAssets": 14046000000, "commonStock": 1000000, "otherCurrentAssets": 11000000, "retainedEarnings": 3764000000, "otherLiab": 3125000000, "treasuryStock": -1168000000, "otherAssets": 962000000, "cash": 1370000000, "totalCurrentLiabilities": 4293000000, "shortLongTermDebt": 1148000000, "otherStockholderEquity": -494000000, "propertyPlantEquipment": 7028000000, "totalCurrentAssets": 4006000000, "netTangibleAssets": 938000000, "shortTermInvestments": 1976000000, "netReceivables": 480000000, "longTermDebt": 2372000000, "inventory": 57000000, "accountsPayable": 108000000}, "2019-12-31": {"intangibleAssets": 122000000, "capitalSurplus": 305000000, "totalLiab": 8662000000, "totalStockholderEquity": 4331000000, "otherCurrentLiab": 1650000000, "totalAssets": 12993000000, "commonStock": 1000000, "otherCurrentAssets": 8000000, "retainedEarnings": 5133000000, "otherLiab": 2753000000, "goodWill": 1943000000, "treasuryStock": -1108000000, "otherAssets": 809000000, "cash": 221000000, "totalCurrentLiabilities": 3201000000, "shortLongTermDebt": 240000000, "otherStockholderEquity": -465000000, "propertyPlantEquipment": 8080000000, "totalCurrentAssets": 2037000000, "longTermInvestments": 2000000, "netTangibleAssets": 2266000000, "shortTermInvestments": 1300000000, "netReceivables": 323000000, "longTermDebt": 1269000000, "inventory": 72000000, "accountsPayable": 146000000}, "2018-12-31": {"intangibleAssets": 127000000, "capitalSurplus": 232000000, "totalLiab": 7161000000, "totalStockholderEquity": 3751000000, "otherCurrentLiab": 1493000000, "totalAssets": 10912000000, "commonStock": 1000000, "otherCurrentAssets": 2000000, "retainedEarnings": 4534000000, "otherLiab": 2598000000, "goodWill": 1943000000, "treasuryStock": -1016000000, "otherAssets": 706000000, "cash": 105000000, "totalCurrentLiabilities": 2942000000, "shortLongTermDebt": 489000000, "otherStockholderEquity": -448000000, "propertyPlantEquipment": 6342000000, "totalCurrentAssets": 1787000000, "longTermInvestments": 7000000, "netTangibleAssets": 1681000000, "shortTermInvestments": 1131000000, "netReceivables": 366000000, "longTermDebt": 1621000000, "inventory": 60000000, "accountsPayable": 132000000}}, "quarterly": {"2022-06-30": {"intangibleAssets": 2041000000, "capitalSurplus": 542000000, "totalLiab": 11001000000, "totalStockholderEquity": 3799000000, "otherCurrentLiab": 2812000000, "totalAssets": 14800000000, "commonStock": 1000000, "otherCurrentAssets": 24000000, "retainedEarnings": 4238000000, "otherLiab": 2633000000, "treasuryStock": -982000000, "otherAssets": 679000000, "cash": 778000000, "totalCurrentLiabilities": 4902000000, "shortLongTermDebt": 342000000, "otherStockholderEquity": -308000000, "propertyPlantEquipment": 7848000000, "totalCurrentAssets": 4232000000, "netTangibleAssets": 1758000000, "shortTermInvestments": 2647000000, "netReceivables": 401000000, "longTermDebt": 1961000000, "inventory": 93000000, "accountsPayable": 286000000}, "2022-03-31": {"intangibleAssets": 2042000000, "capitalSurplus": 503000000, "totalLiab": 10573000000, "totalStockholderEquity": 3637000000, "otherCurrentLiab": 2681000000, "totalAssets": 14210000000, "commonStock": 1000000, "otherCurrentAssets": 24000000, "retainedEarnings": 4099000000, "otherLiab": 2568000000, "treasuryStock": -966000000, "otherAssets": 694000000, "cash": 628000000, "totalCurrentLiabilities": 4570000000, "shortLongTermDebt": 292000000, "otherStockholderEquity": -292000000, "propertyPlantEquipment": 7500000000, "totalCurrentAssets": 3974000000, "netTangibleAssets": 1595000000, "shortTermInvestments": 2262000000, "netReceivables": 658000000, "longTermDebt": 2078000000, "inventory": 78000000, "accountsPayable": 299000000}, "2021-12-31": {"intangibleAssets": 2044000000, "capitalSurplus": 494000000, "totalLiab": 10150000000, "totalStockholderEquity": 3801000000, "otherCurrentLiab": 2128000000, "totalAssets": 13951000000, "commonStock": 1000000, "otherCurrentAssets": 71000000, "retainedEarnings": 4242000000, "otherLiab": 2704000000, "treasuryStock": -936000000, "otherAssets": 780000000, "cash": 470000000, "totalCurrentLiabilities": 3991000000, "shortLongTermDebt": 372000000, "otherStockholderEquity": -262000000, "propertyPlantEquipment": 7207000000, "totalCurrentAssets": 3920000000, "netTangibleAssets": 1757000000, "shortTermInvestments": 2646000000, "netReceivables": 546000000, "longTermDebt": 2176000000, "inventory": 62000000, "accountsPayable": 200000000}, "2021-09-30": {"intangibleAssets": 102000000, "capitalSurplus": 462000000, "totalLiab": 10351000000, "totalStockholderEquity": 3531000000, "otherCurrentLiab": 2151000000, "totalAssets": 13882000000, "commonStock": 1000000, "otherCurrentAssets": 24000000, "retainedEarnings": 4224000000, "otherLiab": 2896000000, "goodWill": 1943000000, "treasuryStock": -1156000000, "otherAssets": 724000000, "cash": 495000000, "totalCurrentLiabilities": 4024000000, "shortLongTermDebt": 425000000, "otherStockholderEquity": -482000000, "propertyPlantEquipment": 7112000000, "totalCurrentAssets": 4001000000, "netTangibleAssets": 1486000000, "shortTermInvestments": 2700000000, "netReceivables": 536000000, "longTermDebt": 2225000000, "inventory": 62000000, "accountsPayable": 181000000}}}, "income": {"annual": {"2021-12-31": {"researchDevelopment": null, "effectOfAccountingCharges": null, "incomeBeforeTax": 629000000, "minorityInterest": null, "netIncome": 478000000, "sellingGeneralAdministrative": 173000000, "grossProfit": 939000000, "ebit": -257000000, "operatingIncome": -257000000, "otherOperatingExpenses": 629000000, "interestExpense": -117000000, "extraordinaryItems": null, "nonRecurring": null, "otherItems": null, "incomeTaxExpense": 151000000, "totalRevenue": 6176000000, "totalOperatingExpenses": 6433000000, "costOfRevenue": 5237000000, "totalOtherIncomeExpenseNet": 886000000, "discontinuedOperations": null, "netIncomeFromContinuingOps": 478000000, "netIncomeApplicableToCommonShares": 478000000}, "2020-12-31": {"researchDevelopment": null, "effectOfAccountingCharges": null, "incomeBeforeTax": -1840000000, "minorityInterest": null, "netIncome": -1324000000, "sellingGeneralAdministrative": 101000000, "grossProfit": -680000000, "ebit": -1711000000, "operatingIncome": -1711000000, "otherOperatingExpenses": 510000000, "interestExpense": -87000000, "extraordinaryItems": null, "nonRecurring": null, "otherItems": null, "incomeTaxExpense": -516000000, "totalRevenue": 3566000000, "totalOperatingExpenses": 5277000000, "costOfRevenue": 4246000000, "totalOtherIncomeExpenseNet": -129000000, "discontinuedOperations": null, "netIncomeFromContinuingOps": -1324000000, "netIncomeApplicableToCommonShares": -1324000000}, "2019-12-31": {"researchDevelopment": null, "effectOfAccountingCharges": null, "incomeBeforeTax": 1016000000, "minorityInterest": null, "netIncome": 769000000, "sellingGeneralAdministrative": 313000000, "grossProfit": 2366000000, "ebit": 1071000000, "operatingIncome": 1071000000, "otherOperatingExpenses": 559000000, "interestExpense": -63000000, "extraordinaryItems": null, "nonRecurring": null, "otherItems": null, "incomeTaxExpense": 247000000, "totalRevenue": 8781000000, "totalOperatingExpenses": 7710000000, "costOfRevenue": 6415000000, "totalOtherIncomeExpenseNet": -55000000, "discontinuedOperations": null, "netIncomeFromContinuingOps": 769000000, "netIncomeApplicableToCommonShares": 769000000}, "2018-12-31": {"researchDevelopment": null, "effectOfAccountingCharges": null, "incomeBeforeTax": 585000000, "minorityInterest": null, "netIncome": 437000000, "sellingGeneralAdministrative": 326000000, "grossProfit": 2089000000, "ebit": 793000000, "operatingIncome": 793000000, "otherOperatingExpenses": 572000000, "interestExpense": -73000000, "extraordinaryItems": null, "nonRecurring": null, "otherItems": null, "incomeTaxExpense": 148000000, "totalRevenue": 8264000000, "totalOperatingExpenses": 7471000000, "costOfRevenue": 6175000000, "totalOtherIncomeExpenseNet": -208000000, "discontinuedOperations": null, "netIncomeFromContinuingOps": 437000000, "netIncomeApplicableToCommonShares": 437000000}}, "quarterly": {"2022-06-30": {"researchDevelopment": null, "effectOfAccountingCharges": null, "incomeBeforeTax": 185000000, "minorityInterest": null, "netIncome": 139000000, "sellingGeneralAdministrative": 78000000, "grossProfit": 782000000, "ebit": 387000000, "operatingIncome": 387000000, "otherOperatingExpenses": 213000000, "interestExpense": -23000000, "extraordinaryItems": null, "nonRecurring": null, "otherItems": null, "incomeTaxExpense": 46000000, "totalRevenue": 2658000000, "totalOperatingExpenses": 2271000000, "costOfRevenue": 1876000000, "totalOtherIncomeExpenseNet": -202000000, "discontinuedOperations": null, "netIncomeFromContinuingOps": 139000000, "netIncomeApplicableToCommonShares": 139000000}, "2022-03-31": {"researchDevelopment": null, "effectOfAccountingCharges": null, "incomeBeforeTax": -206000000, "minorityInterest": null, "netIncome": -143000000, "sellingGeneralAdministrative": 58000000, "grossProfit": 78000000, "ebit": -234000000, "operatingIncome": -234000000, "otherOperatingExpenses": 152000000, "interestExpense": -25000000, "extraordinaryItems": null, "nonRecurring": null, "otherItems": null, "incomeTaxExpense": -63000000, "totalRevenue": 1681000000, "totalOperatingExpenses": 1915000000, "costOfRevenue": 1603000000, "totalOtherIncomeExpenseNet": 28000000, "discontinuedOperations": null, "netIncomeFromContinuingOps": -143000000, "netIncomeApplicableToCommonShares": -143000000}, "2021-12-31": {"researchDevelopment": null, "effectOfAccountingCharges": null, "incomeBeforeTax": 29000000, "minorityInterest": null, "netIncome": 18000000, "sellingGeneralAdministrative": 50000000, "grossProfit": 411000000, "ebit": 63000000, "operatingIncome": 63000000, "otherOperatingExpenses": 198000000, "interestExpense": -25000000, "extraordinaryItems": null, "nonRecurring": null, "otherItems": null, "incomeTaxExpense": 11000000, "totalRevenue": 1899000000, "totalOperatingExpenses": 1836000000, "costOfRevenue": 1488000000, "totalOtherIncomeExpenseNet": -34000000, "discontinuedOperations": null, "netIncomeFromContinuingOps": 18000000, "netIncomeApplicableToCommonShares": 18000000}, "2021-09-30": {"researchDevelopment": null, "effectOfAccountingCharges": null, "incomeBeforeTax": 245000000, "minorityInterest": null, "netIncome": 194000000, "sellingGeneralAdministrative": 49000000, "grossProfit": 562000000, "ebit": 257000000, "operatingIncome": 257000000, "otherOperatingExpenses": 157000000, "interestExpense": -27000000, "extraordinaryItems": null, "nonRecurring": null, "otherItems": null, "incomeTaxExpense": 51000000, "totalRevenue": 1953000000, "totalOperatingExpenses": 1696000000, "costOfRevenue": 1391000000, "totalOtherIncomeExpenseNet": -12000000, "discontinuedOperations": null, "netIncomeFromContinuingOps": 194000000, "netIncomeApplicableToCommonShares": 194000000}}}, "cash": {"annual": {"2021-12-31": {"investments": -706000000, "changeToLiabilities": 275000000, "totalCashflowsFromInvestingActivities": -1008000000, "netBorrowings": -971000000, "totalCashFromFinancingActivities": -914000000, "changeToOperatingActivities": -91000000, "netIncome": 478000000, "changeInCash": -892000000, "totalCashFromOperatingActivities": 1030000000, "depreciation": 394000000, "otherCashflowsFromInvestingActivities": -12000000, "changeToAccountReceivables": -66000000, "otherCashflowsFromFinancingActivities": 57000000, "changeToNetincome": 40000000, "capitalExpenditures": -292000000}, "2020-12-31": {"investments": -644000000, "changeToLiabilities": 161000000, "totalCashflowsFromInvestingActivities": -593000000, "netBorrowings": 1999000000, "totalCashFromFinancingActivities": 1981000000, "changeToOperatingActivities": -202000000, "netIncome": -1324000000, "changeInCash": 1154000000, "repurchaseOfStock": -31000000, "totalCashFromOperatingActivities": -234000000, "depreciation": 420000000, "otherCashflowsFromInvestingActivities": -6000000, "dividendsPaid": -45000000, "changeToAccountReceivables": -160000000, "otherCashflowsFromFinancingActivities": 58000000, "changeToNetincome": 871000000, "capitalExpenditures": -222000000}, "2019-12-31": {"investments": -136000000, "changeToLiabilities": 437000000, "totalCashflowsFromInvestingActivities": -791000000, "netBorrowings": -608000000, "totalCashFromFinancingActivities": -813000000, "changeToOperatingActivities": 21000000, "netIncome": 769000000, "changeInCash": 118000000, "repurchaseOfStock": -75000000, "totalCashFromOperatingActivities": 1722000000, "depreciation": 423000000, "otherCashflowsFromInvestingActivities": 13000000, "dividendsPaid": -173000000, "changeToAccountReceivables": 43000000, "otherCashflowsFromFinancingActivities": 43000000, "changeToNetincome": 29000000, "capitalExpenditures": -696000000}, "2018-12-31": {"investments": 282000000, "changeToLiabilities": 277000000, "totalCashflowsFromInvestingActivities": -631000000, "netBorrowings": -468000000, "totalCashFromFinancingActivities": -647000000, "changeToOperatingActivities": 61000000, "netIncome": 437000000, "changeInCash": -83000000, "repurchaseOfStock": -50000000, "totalCashFromOperatingActivities": 1195000000, "depreciation": 398000000, "otherCashflowsFromInvestingActivities": 31000000, "dividendsPaid": -158000000, "changeToAccountReceivables": -25000000, "otherCashflowsFromFinancingActivities": 29000000, "changeToNetincome": 47000000, "capitalExpenditures": -960000000}}, "quarterly": {"2022-06-30": {"investments": -415000000, "changeToLiabilities": 188000000, "totalCashflowsFromInvestingActivities": -760000000, "netBorrowings": -69000000, "totalCashFromFinancingActivities": -38000000, "changeToOperatingActivities": 99000000, "netIncome": 139000000, "changeInCash": 150000000, "totalCashFromOperatingActivities": 948000000, "depreciation": 104000000, "otherCashflowsFromInvestingActivities": -1000000, "changeToAccountReceivables": -3000000, "otherCashflowsFromFinancingActivities": 31000000, "changeToNetincome": 421000000, "capitalExpenditures": -344000000}, "2022-03-31": {"investments": 328000000, "changeToLiabilities": 496000000, "totalCashflowsFromInvestingActivities": 39000000, "netBorrowings": -170000000, "totalCashFromFinancingActivities": -168000000, "changeToOperatingActivities": 248000000, "netIncome": -143000000, "changeInCash": 158000000, "totalCashFromOperatingActivities": 287000000, "depreciation": 102000000, "otherCashflowsFromInvestingActivities": 327000000, "changeToAccountReceivables": -112000000, "otherCashflowsFromFinancingActivities": -168000000, "changeToNetincome": 80000000, "capitalExpenditures": -288000000}, "2021-12-31": {"investments": 38000000, "changeToLiabilities": -45000000, "totalCashflowsFromInvestingActivities": -65000000, "netBorrowings": -112000000, "totalCashFromFinancingActivities": -89000000, "changeToOperatingActivities": 110000000, "netIncome": 18000000, "changeInCash": -25000000, "totalCashFromOperatingActivities": 129000000, "depreciation": 100000000, "otherCashflowsFromInvestingActivities": -3000000, "changeToAccountReceivables": -66000000, "otherCashflowsFromFinancingActivities": 23000000, "changeToNetincome": 12000000, "capitalExpenditures": -102000000}, "2021-09-30": {"investments": 219000000, "changeToLiabilities": -242000000, "totalCashflowsFromInvestingActivities": 127000000, "netBorrowings": -541000000, "totalCashFromFinancingActivities": -544000000, "changeToOperatingActivities": -159000000, "netIncome": 194000000, "changeInCash": -523000000, "totalCashFromOperatingActivities": -106000000, "depreciation": 99000000, "otherCashflowsFromInvestingActivities": -4000000, "changeToAccountReceivables": -66000000, "otherCashflowsFromFinancingActivities": -3000000, "changeToNetincome": 2000000, "capitalExpenditures": -88000000}}}}}