{"VZ": {"balance": {"annual": {"2021-12-31": {"intangibleAssets": 159296000000, "capitalSurplus": 13861000000, "totalLiab": 283396000000, "totalStockholderEquity": 81790000000, "minorityInterest": 1410000000, "deferredLongTermLiab": 2259000000, "otherCurrentLiab": 12346000000, "totalAssets": 366596000000, "commonStock": 429000000, "otherCurrentAssets": 3526000000, "retainedEarnings": 71993000000, "otherLiab": 68899000000, "goodWill": 28603000000, "treasuryStock": -4493000000, "otherAssets": 12609000000, "cash": 2921000000, "totalCurrentLiabilities": 47160000000, "shortLongTermDebt": 7346000000, "otherStockholderEquity": -389000000, "propertyPlantEquipment": 127579000000, "totalCurrentAssets": 36728000000, "longTermInvestments": 1781000000, "netTangibleAssets": -106109000000, "netReceivables": 24585000000, "longTermDebt": 143209000000, "inventory": 3055000000, "accountsPayable": 8040000000}, "2020-12-31": {"intangibleAssets": 105510000000, "capitalSurplus": 13404000000, "totalLiab": 247209000000, "totalStockholderEquity": 67842000000, "minorityInterest": 1430000000, "deferredLongTermLiab": 2070000000, "otherCurrentLiab": 10651000000, "totalAssets": 316481000000, "commonStock": 429000000, "otherCurrentAssets": 3667000000, "retainedEarnings": 60464000000, "otherLiab": 65685000000, "goodWill": 24773000000, "treasuryStock": -6455000000, "otherAssets": 12405000000, "cash": 22171000000, "totalCurrentLiabilities": 39660000000, "shortLongTermDebt": 5610000000, "otherStockholderEquity": 264000000, "propertyPlantEquipment": 117364000000, "totalCurrentAssets": 54594000000, "longTermInvestments": 1835000000, "netTangibleAssets": -62441000000, "netReceivables": 24650000000, "longTermDebt": 122948000000, "inventory": 1796000000, "accountsPayable": 6667000000}, "2019-12-31": {"intangibleAssets": 104557000000, "capitalSurplus": 13419000000, "totalLiab": 228892000000, "totalStockholderEquity": 61395000000, "minorityInterest": 1440000000, "deferredLongTermLiab": 1911000000, "otherCurrentLiab": 10795000000, "totalAssets": 291727000000, "commonStock": 429000000, "otherCurrentAssets": 3799000000, "retainedEarnings": 53147000000, "otherLiab": 64142000000, "goodWill": 24389000000, "treasuryStock": -5600000000, "otherAssets": 9131000000, "cash": 2594000000, "totalCurrentLiabilities": 44868000000, "shortLongTermDebt": 10441000000, "otherStockholderEquity": 1220000000, "propertyPlantEquipment": 114609000000, "totalCurrentAssets": 37473000000, "longTermInvestments": 1568000000, "netTangibleAssets": -67551000000, "netReceivables": 26277000000, "longTermDebt": 100709000000, "inventory": 1422000000, "accountsPayable": 7725000000}, "2018-12-31": {"intangibleAssets": 103905000000, "capitalSurplus": 13437000000, "totalLiab": 210119000000, "totalStockholderEquity": 53145000000, "minorityInterest": 1565000000, "deferredLongTermLiab": 1812000000, "otherCurrentLiab": 9722000000, "totalAssets": 264829000000, "commonStock": 429000000, "otherCurrentAssets": 3130000000, "retainedEarnings": 43542000000, "otherLiab": 65439000000, "goodWill": 24614000000, "treasuryStock": -4263000000, "otherAssets": 11295000000, "cash": 2745000000, "totalCurrentLiabilities": 37930000000, "shortLongTermDebt": 7040000000, "otherStockholderEquity": 2723000000, "propertyPlantEquipment": 89286000000, "totalCurrentAssets": 34636000000, "longTermInvestments": 1093000000, "netTangibleAssets": -75374000000, "netReceivables": 25859000000, "longTermDebt": 105845000000, "inventory": 1336000000, "accountsPayable": 7232000000}}, "quarterly": {"2022-06-30": {"intangibleAssets": 160010000000, "capitalSurplus": 13872000000, "totalLiab": 282790000000, "totalStockholderEquity": 86016000000, "minorityInterest": 1341000000, "deferredLongTermLiab": 2309000000, "otherCurrentLiab": 11063000000, "totalAssets": 370147000000, "commonStock": 429000000, "otherCurrentAssets": 3853000000, "retainedEarnings": 76401000000, "otherLiab": 71586000000, "goodWill": 28638000000, "treasuryStock": -4686000000, "otherAssets": 13997000000, "cash": 1857000000, "totalCurrentLiabilities": 49224000000, "shortLongTermDebt": 13293000000, "otherStockholderEquity": -666000000, "propertyPlantEquipment": 128408000000, "totalCurrentAssets": 37499000000, "longTermInvestments": 1595000000, "netTangibleAssets": -102632000000, "shortTermInvestments": 19000000, "netReceivables": 24606000000, "longTermDebt": 137950000000, "inventory": 3646000000, "accountsPayable": 20956000000}, "2022-03-31": {"intangibleAssets": 159515000000, "capitalSurplus": 13874000000, "totalLiab": 280541000000, "totalStockholderEquity": 83762000000, "minorityInterest": 1413000000, "deferredLongTermLiab": 2262000000, "otherCurrentLiab": 10918000000, "totalAssets": 365716000000, "commonStock": 429000000, "otherCurrentAssets": 3900000000, "retainedEarnings": 73891000000, "otherLiab": 69137000000, "goodWill": 28629000000, "treasuryStock": -4432000000, "otherAssets": 13071000000, "cash": 1661000000, "totalCurrentLiabilities": 46585000000, "shortLongTermDebt": 13651000000, "otherStockholderEquity": -409000000, "propertyPlantEquipment": 127337000000, "totalCurrentAssets": 35580000000, "longTermInvestments": 1584000000, "netTangibleAssets": -104382000000, "shortTermInvestments": 17000000, "netReceivables": 24335000000, "longTermDebt": 140514000000, "inventory": 3659000000, "accountsPayable": 18169000000}, "2021-12-31": {"intangibleAssets": 159296000000, "capitalSurplus": 13861000000, "totalLiab": 283396000000, "totalStockholderEquity": 81790000000, "minorityInterest": 1410000000, "deferredLongTermLiab": 2259000000, "otherCurrentLiab": 12346000000, "totalAssets": 366596000000, "commonStock": 429000000, "otherCurrentAssets": 3526000000, "retainedEarnings": 71993000000, "otherLiab": 68899000000, "goodWill": 28603000000, "treasuryStock": -4493000000, "otherAssets": 12609000000, "cash": 2921000000, "totalCurrentLiabilities": 47160000000, "shortLongTermDebt": 7346000000, "otherStockholderEquity": -389000000, "propertyPlantEquipment": 127579000000, "totalCurrentAssets": 36728000000, "longTermInvestments": 1781000000, "netTangibleAssets": -106109000000, "netReceivables": 24585000000, "longTermDebt": 143209000000, "inventory": 3055000000, "accountsPayable": 8040000000}, "2021-09-30": {"intangibleAssets": 152789000000, "capitalSurplus": 13402000000, "totalLiab": 274968000000, "totalStockholderEquity": 77044000000, "minorityInterest": 1445000000, "deferredLongTermLiab": 2151000000, "otherCurrentLiab": 9691000000, "totalAssets": 353457000000, "commonStock": 429000000, "otherCurrentAssets": 3450000000, "retainedEarnings": 70062000000, "otherLiab": 66139000000, "goodWill": 24887000000, "treasuryStock": -6849000000, "otherAssets": 9948000000, "cash": 9936000000, "totalCurrentLiabilities": 41358000000, "shortLongTermDebt": 7515000000, "otherStockholderEquity": -219000000, "propertyPlantEquipment": 123725000000, "totalCurrentAssets": 40277000000, "longTermInvestments": 1831000000, "netTangibleAssets": -100632000000, "netReceivables": 22896000000, "longTermDebt": 143056000000, "inventory": 2303000000, "accountsPayable": 20153000000}}}, "income": {"annual": {"2021-12-31": {"researchDevelopment": null, "effectOfAccountingCharges": null, "incomeBeforeTax": 29420000000, "minorityInterest": 1410000000, "netIncome": 22065000000, "sellingGeneralAdministrative": 32011000000, "grossProfit": 77312000000, "ebit": 29095000000, "operatingIncome": 29095000000, "otherOperatingExpenses": null, "interestExpense": -3485000000, "extraordinaryItems": null, "nonRecurring": null, "otherItems": null, "incomeTaxExpense": 6802000000, "totalRevenue": 133613000000, "totalOperatingExpenses": 104518000000, "costOfRevenue": 56301000000, "totalOtherIncomeExpenseNet": 325000000, "discontinuedOperations": null, "netIncomeFromContinuingOps": 22618000000, "netIncomeApplicableToCommonShares": 22065000000}, "2020-12-31": {"researchDevelopment": null, "effectOfAccountingCharges": null, "incomeBeforeTax": 23967000000, "minorityInterest": 1430000000, "netIncome": 17801000000, "sellingGeneralAdministrative": 29732000000, "grossProfit": 77091000000, "ebit": 30639000000, "operatingIncome": 30639000000, "otherOperatingExpenses": null, "interestExpense": -4247000000, "extraordinaryItems": null, "nonRecurring": null, "otherItems": null, "incomeTaxExpense": 5619000000, "totalRevenue": 128292000000, "totalOperatingExpenses": 97653000000, "costOfRevenue": 51201000000, "totalOtherIncomeExpenseNet": -6672000000, "discontinuedOperations": null, "netIncomeFromContinuingOps": 18348000000, "netIncomeApplicableToCommonShares": 17801000000}, "2019-12-31": {"researchDevelopment": null, "effectOfAccountingCharges": null, "incomeBeforeTax": 22733000000, "minorityInterest": 1440000000, "netIncome": 19265000000, "sellingGeneralAdministrative": 30523000000, "grossProfit": 77142000000, "ebit": 29937000000, "operatingIncome": 29937000000, "otherOperatingExpenses": null, "interestExpense": -4730000000, "extraordinaryItems": null, "nonRecurring": null, "otherItems": null, "incomeTaxExpense": 2945000000, "totalRevenue": 131868000000, "totalOperatingExpenses": 101931000000, "costOfRevenue": 54726000000, "totalOtherIncomeExpenseNet": -7204000000, "discontinuedOperations": null, "netIncomeFromContinuingOps": 19788000000, "netIncomeApplicableToCommonShares": 19265000000}, "2018-12-31": {"researchDevelopment": null, "effectOfAccountingCharges": null, "incomeBeforeTax": 19623000000, "minorityInterest": 1565000000, "netIncome": 15528000000, "sellingGeneralAdministrative": 26215000000, "grossProfit": 75355000000, "ebit": 31737000000, "operatingIncome": 31737000000, "otherOperatingExpenses": null, "interestExpense": -4833000000, "extraordinaryItems": null, "nonRecurring": null, "otherItems": null, "incomeTaxExpense": 3584000000, "totalRevenue": 130863000000, "totalOperatingExpenses": 99126000000, "costOfRevenue": 55508000000, "totalOtherIncomeExpenseNet": -12114000000, "discontinuedOperations": null, "netIncomeFromContinuingOps": 16039000000, "netIncomeApplicableToCommonShares": 15528000000}}, "quarterly": {"2022-06-30": {"researchDevelopment": null, "effectOfAccountingCharges": null, "incomeBeforeTax": 6857000000, "minorityInterest": 1341000000, "netIncome": 5199000000, "sellingGeneralAdministrative": 7479000000, "grossProfit": 19369000000, "ebit": 7806000000, "operatingIncome": 7806000000, "otherOperatingExpenses": null, "interestExpense": -785000000, "extraordinaryItems": null, "nonRecurring": null, "otherItems": null, "incomeTaxExpense": 1542000000, "totalRevenue": 33789000000, "totalOperatingExpenses": 25983000000, "costOfRevenue": 14420000000, "totalOtherIncomeExpenseNet": -949000000, "discontinuedOperations": null, "netIncomeFromContinuingOps": 5315000000, "netIncomeApplicableToCommonShares": 5199000000}, "2022-03-31": {"researchDevelopment": null, "effectOfAccountingCharges": null, "incomeBeforeTax": 6083000000, "minorityInterest": 1413000000, "netIncome": 4580000000, "sellingGeneralAdministrative": 6873000000, "grossProfit": 19204000000, "ebit": 8333000000, "operatingIncome": 8333000000, "otherOperatingExpenses": null, "interestExpense": -786000000, "extraordinaryItems": null, "nonRecurring": null, "otherItems": null, "incomeTaxExpense": 1372000000, "totalRevenue": 33554000000, "totalOperatingExpenses": 25221000000, "costOfRevenue": 14350000000, "totalOtherIncomeExpenseNet": -2250000000, "discontinuedOperations": null, "netIncomeFromContinuingOps": 4711000000, "netIncomeApplicableToCommonShares": 4580000000}, "2021-12-31": {"researchDevelopment": null, "effectOfAccountingCharges": null, "incomeBeforeTax": 6144000000, "minorityInterest": 1410000000, "netIncome": 4613000000, "sellingGeneralAdministrative": 12146000000, "grossProfit": 19071000000, "ebit": 2874000000, "operatingIncome": 2874000000, "otherOperatingExpenses": null, "interestExpense": -739000000, "extraordinaryItems": null, "nonRecurring": null, "otherItems": null, "incomeTaxExpense": 1407000000, "totalRevenue": 34067000000, "totalOperatingExpenses": 31193000000, "costOfRevenue": 14996000000, "totalOtherIncomeExpenseNet": 3270000000, "discontinuedOperations": null, "netIncomeFromContinuingOps": 4737000000, "netIncomeApplicableToCommonShares": 4613000000}, "2021-09-30": {"researchDevelopment": null, "effectOfAccountingCharges": null, "incomeBeforeTax": 8374000000, "minorityInterest": 1445000000, "netIncome": 6407000000, "sellingGeneralAdministrative": 6070000000, "grossProfit": 19387000000, "ebit": 9356000000, "operatingIncome": 9356000000, "otherOperatingExpenses": null, "interestExpense": -801000000, "extraordinaryItems": null, "nonRecurring": null, "otherItems": null, "incomeTaxExpense": 1820000000, "totalRevenue": 32915000000, "totalOperatingExpenses": 23559000000, "costOfRevenue": 13528000000, "totalOtherIncomeExpenseNet": -982000000, "discontinuedOperations": null, "netIncomeFromContinuingOps": 6554000000, "netIncomeApplicableToCommonShares": 6407000000}}}, "cash": {"annual": {"2021-12-31": {"changeToLiabilities": 1457000000, "totalCashflowsFromInvestingActivities": -67153000000, "netBorrowings": 22554000000, "totalCashFromFinancingActivities": 8277000000, "changeToOperatingActivities": 150000000, "netIncome": 22065000000, "changeInCash": -19337000000, "totalCashFromOperatingActivities": 39539000000, "depreciation": 16206000000, "otherCashflowsFromInvestingActivities": 672000000, "dividendsPaid": -10445000000, "changeToInventory": -905000000, "changeToAccountReceivables": -1592000000, "otherCashflowsFromFinancingActivities": -3832000000, "changeToNetincome": 2158000000, "capitalExpenditures": -20286000000}, "2020-12-31": {"changeToLiabilities": -966000000, "totalCashflowsFromInvestingActivities": -23512000000, "netBorrowings": 14269000000, "totalCashFromFinancingActivities": 1325000000, "changeToOperatingActivities": 1202000000, "netIncome": 17801000000, "changeInCash": 19581000000, "totalCashFromOperatingActivities": 41768000000, "depreciation": 16720000000, "otherCashflowsFromInvestingActivities": -904000000, "dividendsPaid": -10232000000, "changeToInventory": -369000000, "changeToAccountReceivables": 189000000, "otherCashflowsFromFinancingActivities": -2712000000, "changeToNetincome": 7191000000, "capitalExpenditures": -18192000000}, "2019-12-31": {"changeToLiabilities": -2359000000, "totalCashflowsFromInvestingActivities": -17581000000, "netBorrowings": -5231000000, "totalCashFromFinancingActivities": -18164000000, "changeToOperatingActivities": -2807000000, "netIncome": 19265000000, "changeInCash": 1000000, "totalCashFromOperatingActivities": 35746000000, "depreciation": 16682000000, "otherCashflowsFromInvestingActivities": 1257000000, "dividendsPaid": -10016000000, "changeToInventory": -76000000, "changeToAccountReceivables": -1471000000, "otherCashflowsFromFinancingActivities": -2917000000, "changeToNetincome": 6512000000, "capitalExpenditures": -17939000000}, "2018-12-31": {"changeToLiabilities": 1777000000, "totalCashflowsFromInvestingActivities": -17934000000, "netBorrowings": -3781000000, "totalCashFromFinancingActivities": -15377000000, "changeToOperatingActivities": 37000000, "netIncome": 15528000000, "changeInCash": 1028000000, "totalCashFromOperatingActivities": 34339000000, "depreciation": 17403000000, "otherCashflowsFromInvestingActivities": 383000000, "dividendsPaid": -9772000000, "changeToInventory": -324000000, "changeToAccountReceivables": -2667000000, "otherCashflowsFromFinancingActivities": -1824000000, "changeToNetincome": 2585000000, "capitalExpenditures": -16658000000}}, "quarterly": {"2022-06-30": {"changeToLiabilities": 0, "totalCashflowsFromInvestingActivities": -6661000000, "netBorrowings": -373000000, "totalCashFromFinancingActivities": -4082000000, "changeToOperatingActivities": 1533000000, "netIncome": 5199000000, "changeInCash": 101000000, "totalCashFromOperatingActivities": 10844000000, "depreciation": 4084000000, "otherCashflowsFromInvestingActivities": -1801000000, "dividendsPaid": -2724000000, "otherCashflowsFromFinancingActivities": -985000000, "changeToNetincome": 28000000, "capitalExpenditures": -4670000000}, "2022-03-31": {"changeToLiabilities": 0, "totalCashflowsFromInvestingActivities": -7995000000, "netBorrowings": -1057000000, "totalCashFromFinancingActivities": 245000000, "changeToOperatingActivities": -3492000000, "netIncome": 4580000000, "changeInCash": -929000000, "totalCashFromOperatingActivities": 6821000000, "depreciation": 3998000000, "otherCashflowsFromInvestingActivities": -336000000, "dividendsPaid": -2654000000, "otherCashflowsFromFinancingActivities": 3956000000, "changeToNetincome": 1735000000, "capitalExpenditures": -5821000000}, "2021-12-31": {"changeToLiabilities": 1457000000, "totalCashflowsFromInvestingActivities": -10135000000, "netBorrowings": -832000000, "totalCashFromFinancingActivities": -5192000000, "changeToOperatingActivities": -453000000, "netIncome": 4613000000, "changeInCash": -6950000000, "totalCashFromOperatingActivities": 8377000000, "depreciation": 4051000000, "otherCashflowsFromInvestingActivities": 465000000, "dividendsPaid": -2648000000, "changeToInventory": -905000000, "changeToAccountReceivables": -1592000000, "otherCashflowsFromFinancingActivities": -1712000000, "changeToNetincome": 1206000000, "capitalExpenditures": -6425000000}, "2021-09-30": {"changeToLiabilities": 0, "totalCashflowsFromInvestingActivities": -2617000000, "netBorrowings": -201000000, "totalCashFromFinancingActivities": -3081000000, "changeToOperatingActivities": 521000000, "netIncome": 6407000000, "changeInCash": 5026000000, "totalCashFromOperatingActivities": 10724000000, "depreciation": 3961000000, "otherCashflowsFromInvestingActivities": 156000000, "dividendsPaid": -2599000000, "changeToInventory": -905000000, "changeToAccountReceivables": -1592000000, "otherCashflowsFromFinancingActivities": -281000000, "changeToNetincome": -165000000, "capitalExpenditures": -5145000000}}}}, "TMUS": {"balance": {"annual": {"2021-12-31": {"intangibleAssets": 97339000000, "capitalSurplus": 73292000000, "totalLiab": 137461000000, "totalStockholderEquity": 69102000000, "deferredLongTermLiab": 1500000000, "otherCurrentLiab": 2294000000, "totalAssets": 206563000000, "otherCurrentAssets": 1786000000, "retainedEarnings": -2812000000, "otherLiab": 15313000000, "goodWill": 12188000000, "treasuryStock": -1378000000, "otherAssets": 6061000000, "cash": 6631000000, "totalCurrentLiabilities": 23499000000, "shortLongTermDebt": 5623000000, "otherStockholderEquity": -1365000000, "propertyPlantEquipment": 70084000000, "totalCurrentAssets": 20891000000, "netTangibleAssets": -40425000000, "netReceivables": 9161000000, "longTermDebt": 68570000000, "inventory": 2567000000, "accountsPayable": 6499000000}, "2020-12-31": {"intangibleAssets": 88126000000, "capitalSurplus": 72772000000, "totalLiab": 134818000000, "totalStockholderEquity": 65344000000, "deferredLongTermLiab": 1100000000, "otherCurrentLiab": 2404000000, "totalAssets": 200162000000, "otherCurrentAssets": 2292000000, "retainedEarnings": -5836000000, "otherLiab": 15378000000, "goodWill": 11117000000, "treasuryStock": -1592000000, "otherAssets": 4810000000, "cash": 10385000000, "totalCurrentLiabilities": 21703000000, "shortLongTermDebt": 4579000000, "otherStockholderEquity": -1581000000, "propertyPlantEquipment": 72224000000, "totalCurrentAssets": 23885000000, "netTangibleAssets": -33899000000, "netReceivables": 8057000000, "longTermDebt": 66546000000, "inventory": 2527000000, "accountsPayable": 5564000000}, "2019-12-31": {"intangibleAssets": 36580000000, "capitalSurplus": 38498000000, "totalLiab": 58132000000, "totalStockholderEquity": 28789000000, "deferredLongTermLiab": 906000000, "otherCurrentLiab": 1470000000, "totalAssets": 86921000000, "otherCurrentAssets": 1922000000, "retainedEarnings": -8833000000, "otherLiab": 6561000000, "goodWill": 1930000000, "treasuryStock": -876000000, "otherAssets": 3474000000, "cash": 1528000000, "totalCurrentLiabilities": 12506000000, "shortLongTermDebt": 1225000000, "otherStockholderEquity": -868000000, "propertyPlantEquipment": 35632000000, "totalCurrentAssets": 9305000000, "netTangibleAssets": -9721000000, "netReceivables": 4558000000, "longTermDebt": 24944000000, "inventory": 964000000, "accountsPayable": 4322000000}, "2018-12-31": {"intangibleAssets": 35757000000, "capitalSurplus": 38010000000, "totalLiab": 47750000000, "totalStockholderEquity": 24718000000, "otherCurrentLiab": 1438000000, "totalAssets": 72468000000, "otherCurrentAssets": 1625000000, "retainedEarnings": -12954000000, "otherLiab": 8220000000, "goodWill": 1901000000, "treasuryStock": -338000000, "otherAssets": 3170000000, "cash": 1203000000, "totalCurrentLiabilities": 10267000000, "shortLongTermDebt": 447000000, "otherStockholderEquity": -332000000, "propertyPlantEquipment": 23359000000, "totalCurrentAssets": 8281000000, "netTangibleAssets": -12940000000, "netReceivables": 4369000000, "longTermDebt": 25532000000, "inventory": 1084000000, "accountsPayable": 5487000000}}, "quarterly": {"2022-06-30": {"intangibleAssets": 99772000000, "capitalSurplus": 73552000000, "totalLiab": 139429000000, "totalStockholderEquity": 70034000000, "deferredLongTermLiab": 1700000000, "otherCurrentLiab": 2770000000, "totalAssets": 209463000000, "otherCurrentAssets": 1484000000, "retainedEarnings": -2207000000, "otherLiab": 14241000000, "goodWill": 12234000000, "treasuryStock": -1311000000, "otherAssets": 6038000000, "cash": 3151000000, "totalCurrentLiabilities": 20622000000, "shortLongTermDebt": 2942000000, "otherStockholderEquity": -1295000000, "propertyPlantEquipment": 73943000000, "totalCurrentAssets": 17476000000, "netTangibleAssets": -41972000000, "netReceivables": 9822000000, "longTermDebt": 68047000000, "inventory": 2243000000, "accountsPayable": 6292000000}, "2022-03-31": {"intangibleAssets": 97109000000, "capitalSurplus": 73420000000, "totalLiab": 140677000000, "totalStockholderEquity": 69976000000, "deferredLongTermLiab": 1600000000, "otherCurrentLiab": 1801000000, "totalAssets": 210653000000, "otherCurrentAssets": 1691000000, "retainedEarnings": -2099000000, "otherLiab": 14228000000, "goodWill": 12234000000, "treasuryStock": -1345000000, "otherAssets": 9113000000, "cash": 3245000000, "totalCurrentLiabilities": 21423000000, "shortLongTermDebt": 4115000000, "otherStockholderEquity": -1329000000, "propertyPlantEquipment": 74742000000, "totalCurrentAssets": 17455000000, "netTangibleAssets": -39367000000, "netReceivables": 9077000000, "longTermDebt": 68355000000, "inventory": 2715000000, "accountsPayable": 11134000000}, "2021-12-31": {"intangibleAssets": 97339000000, "capitalSurplus": 73292000000, "totalLiab": 137461000000, "totalStockholderEquity": 69102000000, "deferredLongTermLiab": 1500000000, "otherCurrentLiab": 2294000000, "totalAssets": 206563000000, "otherCurrentAssets": 1786000000, "retainedEarnings": -2812000000, "otherLiab": 15313000000, "goodWill": 12188000000, "treasuryStock": -1378000000, "otherAssets": 6061000000, "cash": 6631000000, "totalCurrentLiabilities": 23499000000, "shortLongTermDebt": 5623000000, "otherStockholderEquity": -1365000000, "propertyPlantEquipment": 70084000000, "totalCurrentAssets": 20891000000, "netTangibleAssets": -40425000000, "netReceivables": 9161000000, "longTermDebt": 68570000000, "inventory": 2567000000, "accountsPayable": 6499000000}, "2021-09-30": {"intangibleAssets": 97636000000, "capitalSurplus": 73152000000, "totalLiab": 133698000000, "totalStockholderEquity": 68427000000, "deferredLongTermLiab": 1300000000, "otherCurrentLiab": 2128000000, "totalAssets": 202125000000, "otherCurrentAssets": 1375000000, "retainedEarnings": -3234000000, "otherLiab": 15584000000, "goodWill": 12188000000, "treasuryStock": -1491000000, "otherAssets": 5332000000, "cash": 4055000000, "totalCurrentLiabilities": 19247000000, "shortLongTermDebt": 4336000000, "otherStockholderEquity": -1478000000, "propertyPlantEquipment": 70197000000, "totalCurrentAssets": 16772000000, "netTangibleAssets": -41397000000, "netReceivables": 8637000000, "longTermDebt": 68139000000, "inventory": 1762000000, "accountsPayable": 4101000000}}}, "income": {"annual": {"2021-12-31": {"researchDevelopment": null, "effectOfAccountingCharges": null, "incomeBeforeTax": 3351000000, "minorityInterest": null, "netIncome": 3024000000, "sellingGeneralAdministrative": 19169000000, "grossProfit": 45546000000, "ebit": 9994000000, "operatingIncome": 9994000000, "otherOperatingExpenses": null, "interestExpense": -3362000000, "extraordinaryItems": null, "nonRecurring": null, "otherItems": null, "incomeTaxExpense": 327000000, "totalRevenue": 80118000000, "totalOperatingExpenses": 70124000000, "costOfRevenue": 34572000000, "totalOtherIncomeExpenseNet": -6643000000, "discontinuedOperations": null, "netIncomeFromContinuingOps": 3024000000, "netIncomeApplicableToCommonShares": 3024000000}, "2020-12-31": {"researchDevelopment": null, "effectOfAccountingCharges": null, "incomeBeforeTax": 3530000000, "minorityInterest": null, "netIncome": 3064000000, "sellingGeneralAdministrative": 17212000000, "grossProfit": 40783000000, "ebit": 9420000000, "operatingIncome": 9420000000, "otherOperatingExpenses": null, "interestExpense": -2730000000, "extraordinaryItems": null, "nonRecurring": null, "otherItems": null, "incomeTaxExpense": 786000000, "totalRevenue": 68397000000, "totalOperatingExpenses": 58977000000, "costOfRevenue": 27614000000, "totalOtherIncomeExpenseNet": -5890000000, "discontinuedOperations": 320000000, "netIncomeFromContinuingOps": 2744000000, "netIncomeApplicableToCommonShares": 3064000000}, "2019-12-31": {"researchDevelopment": null, "effectOfAccountingCharges": null, "incomeBeforeTax": 4603000000, "minorityInterest": null, "netIncome": 3468000000, "sellingGeneralAdministrative": 13519000000, "grossProfit": 26477000000, "ebit": 6342000000, "operatingIncome": 6342000000, "otherOperatingExpenses": null, "interestExpense": -1135000000, "extraordinaryItems": null, "nonRecurring": null, "otherItems": null, "incomeTaxExpense": 1135000000, "totalRevenue": 44998000000, "totalOperatingExpenses": 38656000000, "costOfRevenue": 18521000000, "totalOtherIncomeExpenseNet": -1739000000, "discontinuedOperations": 320000000, "netIncomeFromContinuingOps": 3468000000, "netIncomeApplicableToCommonShares": 3468000000}, "2018-12-31": {"researchDevelopment": null, "effectOfAccountingCharges": null, "incomeBeforeTax": 3917000000, "minorityInterest": null, "netIncome": 2888000000, "sellingGeneralAdministrative": 12965000000, "grossProfit": 24956000000, "ebit": 5505000000, "operatingIncome": 5505000000, "otherOperatingExpenses": null, "interestExpense": -1357000000, "extraordinaryItems": null, "nonRecurring": null, "otherItems": null, "incomeTaxExpense": 1029000000, "totalRevenue": 43310000000, "totalOperatingExpenses": 37805000000, "costOfRevenue": 18354000000, "totalOtherIncomeExpenseNet": -1588000000, "discontinuedOperations": 320000000, "netIncomeFromContinuingOps": 2888000000, "netIncomeApplicableToCommonShares": 2888000000}}, "quarterly": {"2022-06-30": {"researchDevelopment": null, "effectOfAccountingCharges": null, "incomeBeforeTax": -163000000, "minorityInterest": null, "netIncome": -108000000, "sellingGeneralAdministrative": 5608000000, "grossProfit": 11953000000, "ebit": 2854000000, "operatingIncome": 2854000000, "otherOperatingExpenses": null, "interestExpense": -851000000, "extraordinaryItems": null, "nonRecurring": null, "otherItems": null, "incomeTaxExpense": -55000000, "totalRevenue": 19701000000, "totalOperatingExpenses": 16847000000, "costOfRevenue": 7748000000, "totalOtherIncomeExpenseNet": -3017000000, "discontinuedOperations": null, "netIncomeFromContinuingOps": -108000000, "netIncomeApplicableToCommonShares": -108000000}, "2022-03-31": {"researchDevelopment": null, "effectOfAccountingCharges": null, "incomeBeforeTax": 931000000, "minorityInterest": null, "netIncome": 713000000, "sellingGeneralAdministrative": 5001000000, "grossProfit": 11805000000, "ebit": 3219000000, "operatingIncome": 3219000000, "otherOperatingExpenses": null, "interestExpense": -864000000, "extraordinaryItems": null, "nonRecurring": null, "otherItems": null, "incomeTaxExpense": 218000000, "totalRevenue": 20120000000, "totalOperatingExpenses": 16901000000, "costOfRevenue": 8315000000, "totalOtherIncomeExpenseNet": -2288000000, "discontinuedOperations": null, "netIncomeFromContinuingOps": 713000000, "netIncomeApplicableToCommonShares": 713000000}, "2021-12-31": {"researchDevelopment": null, "effectOfAccountingCharges": null, "incomeBeforeTax": 229000000, "minorityInterest": null, "netIncome": 422000000, "sellingGeneralAdministrative": 5165000000, "grossProfit": 11338000000, "ebit": 2301000000, "operatingIncome": 2301000000, "otherOperatingExpenses": null, "interestExpense": -834000000, "extraordinaryItems": null, "nonRecurring": null, "otherItems": null, "incomeTaxExpense": -193000000, "totalRevenue": 20785000000, "totalOperatingExpenses": 18484000000, "costOfRevenue": 9447000000, "totalOtherIncomeExpenseNet": -2072000000, "discontinuedOperations": null, "netIncomeFromContinuingOps": 422000000, "netIncomeApplicableToCommonShares": 422000000}, "2021-09-30": {"researchDevelopment": null, "effectOfAccountingCharges": null, "incomeBeforeTax": 688000000, "minorityInterest": null, "netIncome": 691000000, "sellingGeneralAdministrative": 4772000000, "grossProfit": 11456000000, "ebit": 2539000000, "operatingIncome": 2539000000, "otherOperatingExpenses": null, "interestExpense": -838000000, "extraordinaryItems": null, "nonRecurring": null, "otherItems": null, "incomeTaxExpense": -3000000, "totalRevenue": 19624000000, "totalOperatingExpenses": 17085000000, "costOfRevenue": 8168000000, "totalOtherIncomeExpenseNet": -1851000000, "discontinuedOperations": null, "netIncomeFromContinuingOps": 691000000, "netIncomeApplicableToCommonShares": 691000000}}}, "cash": {"annual": {"2021-12-31": {"changeToLiabilities": 549000000, "totalCashflowsFromInvestingActivities": -19386000000, "netBorrowings": 2332000000, "totalCashFromFinancingActivities": 1709000000, "changeToOperatingActivities": -1498000000, "netIncome": 3024000000, "changeInCash": -3760000000, "repurchaseOfStock": -316000000, "totalCashFromOperatingActivities": 13917000000, "depreciation": 16383000000, "otherCashflowsFromInvestingActivities": 51000000, "changeToInventory": 201000000, "changeToAccountReceivables": -6366000000, "otherCashflowsFromFinancingActivities": -307000000, "changeToNetincome": 1624000000, "capitalExpenditures": -12326000000}, "2020-12-31": {"changeToLiabilities": -2123000000, "totalCashflowsFromInvestingActivities": -12715000000, "netBorrowings": 13233000000, "totalCashFromFinancingActivities": 13010000000, "changeToOperatingActivities": -2814000000, "issuanceOfStock": 19840000000, "netIncome": 3064000000, "changeInCash": 8935000000, "repurchaseOfStock": -19975000000, "totalCashFromOperatingActivities": 8640000000, "depreciation": 14151000000, "otherCashflowsFromInvestingActivities": 294000000, "changeToInventory": -2222000000, "changeToAccountReceivables": -4726000000, "otherCashflowsFromFinancingActivities": -88000000, "changeToNetincome": 3310000000, "capitalExpenditures": -11034000000}, "2019-12-31": {"changeToLiabilities": 17000000, "totalCashflowsFromInvestingActivities": -4125000000, "netBorrowings": -2173000000, "totalCashFromFinancingActivities": -2374000000, "changeToOperatingActivities": -235000000, "issuanceOfStock": 19840000000, "netIncome": 3468000000, "changeInCash": 325000000, "repurchaseOfStock": -156000000, "totalCashFromOperatingActivities": 6824000000, "depreciation": 6616000000, "otherCashflowsFromInvestingActivities": -650000000, "changeToInventory": -617000000, "changeToAccountReceivables": -4724000000, "otherCashflowsFromFinancingActivities": -45000000, "changeToNetincome": 2299000000, "capitalExpenditures": -6391000000}, "2018-12-31": {"changeToLiabilities": -867000000, "totalCashflowsFromInvestingActivities": -579000000, "netBorrowings": -1855000000, "totalCashFromFinancingActivities": -3336000000, "changeToOperatingActivities": -250000000, "issuanceOfStock": 19840000000, "netIncome": 2888000000, "changeInCash": -16000000, "repurchaseOfStock": -1217000000, "totalCashFromOperatingActivities": 3899000000, "depreciation": 6486000000, "otherCashflowsFromInvestingActivities": 21000000, "changeToInventory": -201000000, "changeToAccountReceivables": -6215000000, "otherCashflowsFromFinancingActivities": -264000000, "changeToNetincome": 2058000000, "capitalExpenditures": -5541000000}}, "quarterly": {"2022-06-30": {"changeToLiabilities": 36000000, "totalCashflowsFromInvestingActivities": -2559000000, "netBorrowings": -1669000000, "totalCashFromFinancingActivities": -1744000000, "changeToOperatingActivities": 1034000000, "netIncome": -108000000, "changeInCash": -94000000, "repurchaseOfStock": -43000000, "totalCashFromOperatingActivities": 4209000000, "depreciation": 3491000000, "otherCashflowsFromInvestingActivities": 8000000, "changeToInventory": 484000000, "changeToAccountReceivables": -1762000000, "otherCashflowsFromFinancingActivities": -32000000, "changeToNetincome": 1034000000, "capitalExpenditures": -3572000000}, "2022-03-31": {"changeToLiabilities": -59000000, "totalCashflowsFromInvestingActivities": -5092000000, "netBorrowings": -1934000000, "totalCashFromFinancingActivities": -2136000000, "changeToOperatingActivities": 531000000, "netIncome": 713000000, "changeInCash": -3383000000, "repurchaseOfStock": -172000000, "totalCashFromOperatingActivities": 3845000000, "depreciation": 3585000000, "otherCashflowsFromInvestingActivities": -1000000, "changeToInventory": -93000000, "changeToAccountReceivables": -1519000000, "otherCashflowsFromFinancingActivities": -30000000, "changeToNetincome": 687000000, "capitalExpenditures": -3381000000}, "2021-12-31": {"changeToLiabilities": 1794000000, "totalCashflowsFromInvestingActivities": -1912000000, "netBorrowings": 1532000000, "totalCashFromFinancingActivities": 1472000000, "changeToOperatingActivities": -278000000, "netIncome": 422000000, "changeInCash": 2560000000, "repurchaseOfStock": -8000000, "totalCashFromOperatingActivities": 3000000000, "depreciation": 3872000000, "otherCashflowsFromInvestingActivities": 5000000, "changeToInventory": -703000000, "changeToAccountReceivables": -2344000000, "otherCashflowsFromFinancingActivities": -52000000, "changeToNetincome": 237000000, "capitalExpenditures": -2929000000}, "2021-09-30": {"changeToLiabilities": 111000000, "totalCashflowsFromInvestingActivities": -4152000000, "netBorrowings": -2953000000, "totalCashFromFinancingActivities": -3060000000, "changeToOperatingActivities": -887000000, "netIncome": 691000000, "changeInCash": -3735000000, "repurchaseOfStock": -14000000, "totalCashFromOperatingActivities": 3477000000, "depreciation": 4145000000, "otherCashflowsFromInvestingActivities": 14000000, "changeToInventory": 41000000, "changeToAccountReceivables": -984000000, "otherCashflowsFromFinancingActivities": -93000000, "changeToNetincome": 360000000, "capitalExpenditures": -2944000000}}}}, "CMCSA": {"balance": {"annual": {"2021-12-31": {"intangibleAssets": 92945000000, "capitalSurplus": 40173000000, "totalLiab": 177896000000, "totalStockholderEquity": 96092000000, "minorityInterest": 1917000000, "deferredLongTermLiab": 1094000000, "otherCurrentLiab": 4862000000, "totalAssets": 275905000000, "commonStock": 54000000, "otherCurrentAssets": 4088000000, "retainedEarnings": 61902000000, "otherLiab": 44187000000, "goodWill": 70189000000, "treasuryStock": -6037000000, "otherAssets": 19368000000, "cash": 8711000000, "totalCurrentLiabilities": 29348000000, "shortLongTermDebt": 2132000000, "otherStockholderEquity": 1480000000, "propertyPlantEquipment": 60514000000, "totalCurrentAssets": 24807000000, "longTermInvestments": 8082000000, "netTangibleAssets": -67042000000, "netReceivables": 12008000000, "longTermDebt": 96175000000, "accountsPayable": 12455000000}, "2020-12-31": {"intangibleAssets": 94754000000, "capitalSurplus": 39464000000, "totalLiab": 180851000000, "totalStockholderEquity": 90323000000, "minorityInterest": 2695000000, "deferredLongTermLiab": 1060000000, "otherCurrentLiab": 4669000000, "totalAssets": 273869000000, "commonStock": 54000000, "otherCurrentAssets": 3535000000, "retainedEarnings": 56438000000, "otherLiab": 42533000000, "goodWill": 70669000000, "treasuryStock": -5633000000, "otherAssets": 18106000000, "cash": 11740000000, "totalCurrentLiabilities": 28796000000, "shortLongTermDebt": 3146000000, "otherStockholderEquity": 1884000000, "propertyPlantEquipment": 55779000000, "totalCurrentAssets": 26741000000, "longTermInvestments": 7820000000, "netTangibleAssets": -75100000000, "netReceivables": 11466000000, "longTermDebt": 104521000000, "accountsPayable": 11364000000}, "2019-12-31": {"intangibleAssets": 95493000000, "capitalSurplus": 38447000000, "totalLiab": 178168000000, "totalStockholderEquity": 82726000000, "minorityInterest": 2520000000, "deferredLongTermLiab": 1083000000, "otherCurrentLiab": 6198000000, "totalAssets": 263414000000, "commonStock": 54000000, "otherCurrentAssets": 7000000000, "retainedEarnings": 50695000000, "otherLiab": 41054000000, "goodWill": 68725000000, "treasuryStock": -6470000000, "otherAssets": 14455000000, "cash": 5500000000, "totalCurrentLiabilities": 30292000000, "shortLongTermDebt": 4452000000, "otherStockholderEquity": 1047000000, "propertyPlantEquipment": 52360000000, "totalCurrentAssets": 25392000000, "longTermInvestments": 6989000000, "netTangibleAssets": -81492000000, "shortTermInvestments": 1600000000, "netReceivables": 11292000000, "longTermDebt": 102931000000, "accountsPayable": 10826000000}, "2018-12-31": {"intangibleAssets": 97723000000, "capitalSurplus": 37461000000, "totalLiab": 177866000000, "totalStockholderEquity": 71613000000, "minorityInterest": 2205000000, "deferredLongTermLiab": 991000000, "otherCurrentLiab": 3990000000, "totalAssets": 251684000000, "commonStock": 54000000, "otherCurrentAssets": 6930000000, "retainedEarnings": 41983000000, "otherLiab": 42918000000, "goodWill": 66154000000, "treasuryStock": -7885000000, "otherAssets": 13639000000, "cash": 3814000000, "totalCurrentLiabilities": 27603000000, "shortLongTermDebt": 4398000000, "otherStockholderEquity": -368000000, "propertyPlantEquipment": 44437000000, "totalCurrentAssets": 21848000000, "longTermInvestments": 7883000000, "netTangibleAssets": -92264000000, "netReceivables": 11104000000, "longTermDebt": 107345000000, "accountsPayable": 8494000000}}, "quarterly": {"2022-06-30": {"intangibleAssets": 90093000000, "capitalSurplus": 39852000000, "totalLiab": 173961000000, "totalStockholderEquity": 91426000000, "minorityInterest": 1645000000, "deferredLongTermLiab": 1066000000, "otherCurrentLiab": 4535000000, "totalAssets": 267032000000, "commonStock": 53000000, "otherCurrentAssets": 5414000000, "retainedEarnings": 61209000000, "otherLiab": 49746000000, "goodWill": 66486000000, "treasuryStock": -9688000000, "otherAssets": 25155000000, "cash": 6822000000, "totalCurrentLiabilities": 27585000000, "shortLongTermDebt": 2083000000, "otherStockholderEquity": -2171000000, "propertyPlantEquipment": 53508000000, "totalCurrentAssets": 24192000000, "longTermInvestments": 7598000000, "netTangibleAssets": -65153000000, "netReceivables": 11956000000, "longTermDebt": 96630000000, "accountsPayable": 12304000000}, "2022-03-31": {"intangibleAssets": 91833000000, "capitalSurplus": 39926000000, "totalLiab": 177568000000, "totalStockholderEquity": 94693000000, "minorityInterest": 1813000000, "deferredLongTermLiab": 1089000000, "otherCurrentLiab": 4762000000, "totalAssets": 274074000000, "commonStock": 53000000, "otherCurrentAssets": 4201000000, "retainedEarnings": 61555000000, "otherLiab": 50297000000, "goodWill": 69052000000, "treasuryStock": -6841000000, "otherAssets": 25701000000, "cash": 8880000000, "totalCurrentLiabilities": 29657000000, "shortLongTermDebt": 2117000000, "otherStockholderEquity": 676000000, "propertyPlantEquipment": 53820000000, "totalCurrentAssets": 25381000000, "longTermInvestments": 8287000000, "netTangibleAssets": -66192000000, "netReceivables": 12300000000, "longTermDebt": 97614000000, "accountsPayable": 12707000000}, "2021-12-31": {"intangibleAssets": 92945000000, "capitalSurplus": 40173000000, "totalLiab": 177896000000, "totalStockholderEquity": 96092000000, "minorityInterest": 1917000000, "deferredLongTermLiab": 1094000000, "otherCurrentLiab": 4862000000, "totalAssets": 275905000000, "commonStock": 54000000, "otherCurrentAssets": 4088000000, "retainedEarnings": 61902000000, "otherLiab": 44187000000, "goodWill": 70189000000, "treasuryStock": -6037000000, "otherAssets": 19368000000, "cash": 8711000000, "totalCurrentLiabilities": 29348000000, "shortLongTermDebt": 2132000000, "otherStockholderEquity": 1480000000, "propertyPlantEquipment": 60514000000, "totalCurrentAssets": 24807000000, "longTermInvestments": 8082000000, "netTangibleAssets": -67042000000, "netReceivables": 12008000000, "longTermDebt": 96175000000, "accountsPayable": 12455000000}, "2021-09-30": {"intangibleAssets": 92758000000, "capitalSurplus": 40134000000, "totalLiab": 179235000000, "totalStockholderEquity": 95782000000, "minorityInterest": 2044000000, "deferredLongTermLiab": 1000000000, "otherCurrentLiab": 4773000000, "totalAssets": 277061000000, "commonStock": 54000000, "otherCurrentAssets": 3647000000, "retainedEarnings": 61783000000, "otherLiab": 50806000000, "goodWill": 69626000000, "treasuryStock": -6189000000, "otherAssets": 25278000000, "cash": 11806000000, "totalCurrentLiabilities": 26738000000, "shortLongTermDebt": 695000000, "otherStockholderEquity": 1328000000, "propertyPlantEquipment": 52809000000, "totalCurrentAssets": 27427000000, "longTermInvestments": 9163000000, "netTangibleAssets": -66602000000, "netReceivables": 11974000000, "longTermDebt": 101691000000, "accountsPayable": 12020000000}}}, "income": {"annual": {"2021-12-31": {"researchDevelopment": null, "effectOfAccountingCharges": null, "incomeBeforeTax": 19093000000, "minorityInterest": 1917000000, "netIncome": 14159000000, "sellingGeneralAdministrative": 43314000000, "grossProfit": 77935000000, "ebit": 20817000000, "operatingIncome": 20817000000, "otherOperatingExpenses": null, "interestExpense": -4281000000, "extraordinaryItems": null, "nonRecurring": null, "otherItems": null, "incomeTaxExpense": 5259000000, "totalRevenue": 116385000000, "totalOperatingExpenses": 95568000000, "costOfRevenue": 38450000000, "totalOtherIncomeExpenseNet": -1724000000, "discontinuedOperations": null, "netIncomeFromContinuingOps": 13834000000, "netIncomeApplicableToCommonShares": 14159000000}, "2020-12-31": {"researchDevelopment": null, "effectOfAccountingCharges": null, "incomeBeforeTax": 14065000000, "minorityInterest": 2695000000, "netIncome": 10534000000, "sellingGeneralAdministrative": 39850000000, "grossProfit": 70443000000, "ebit": 17493000000, "operatingIncome": 17493000000, "otherOperatingExpenses": null, "interestExpense": -4588000000, "extraordinaryItems": null, "nonRecurring": null, "otherItems": null, "incomeTaxExpense": 3364000000, "totalRevenue": 103564000000, "totalOperatingExpenses": 86071000000, "costOfRevenue": 33121000000, "totalOtherIncomeExpenseNet": -3428000000, "discontinuedOperations": null, "netIncomeFromContinuingOps": 10701000000, "netIncomeApplicableToCommonShares": 10534000000}, "2019-12-31": {"researchDevelopment": null, "effectOfAccountingCharges": null, "incomeBeforeTax": 16996000000, "minorityInterest": 2520000000, "netIncome": 13057000000, "sellingGeneralAdministrative": 40424000000, "grossProfit": 74502000000, "ebit": 21125000000, "operatingIncome": 21125000000, "otherOperatingExpenses": null, "interestExpense": -4567000000, "extraordinaryItems": null, "nonRecurring": null, "otherItems": null, "incomeTaxExpense": 3673000000, "totalRevenue": 108942000000, "totalOperatingExpenses": 87817000000, "costOfRevenue": 34440000000, "totalOtherIncomeExpenseNet": -4129000000, "discontinuedOperations": null, "netIncomeFromContinuingOps": 13323000000, "netIncomeApplicableToCommonShares": 13057000000}, "2018-12-31": {"researchDevelopment": null, "effectOfAccountingCharges": null, "incomeBeforeTax": 15242000000, "minorityInterest": 2205000000, "netIncome": 11731000000, "sellingGeneralAdministrative": 34791000000, "grossProfit": 64815000000, "ebit": 19148000000, "operatingIncome": 19148000000, "otherOperatingExpenses": -141000000, "interestExpense": -3542000000, "extraordinaryItems": null, "nonRecurring": null, "otherItems": null, "incomeTaxExpense": 3380000000, "totalRevenue": 94507000000, "totalOperatingExpenses": 75359000000, "costOfRevenue": 29692000000, "totalOtherIncomeExpenseNet": -3906000000, "discontinuedOperations": null, "netIncomeFromContinuingOps": 11862000000, "netIncomeApplicableToCommonShares": 11731000000}}, "quarterly": {"2022-06-30": {"researchDevelopment": null, "effectOfAccountingCharges": null, "incomeBeforeTax": 4502000000, "minorityInterest": 1645000000, "netIncome": 3396000000, "sellingGeneralAdministrative": 11294000000, "grossProfit": 21129000000, "ebit": 6367000000, "operatingIncome": 6367000000, "otherOperatingExpenses": null, "interestExpense": -968000000, "extraordinaryItems": null, "nonRecurring": null, "otherItems": null, "incomeTaxExpense": 1261000000, "totalRevenue": 30016000000, "totalOperatingExpenses": 23649000000, "costOfRevenue": 8887000000, "totalOtherIncomeExpenseNet": -1865000000, "discontinuedOperations": null, "netIncomeFromContinuingOps": 3241000000, "netIncomeApplicableToCommonShares": 3396000000}, "2022-03-31": {"researchDevelopment": null, "effectOfAccountingCharges": null, "incomeBeforeTax": 4764000000, "minorityInterest": 1813000000, "netIncome": 3549000000, "sellingGeneralAdministrative": 11322000000, "grossProfit": 20440000000, "ebit": 5570000000, "operatingIncome": 5570000000, "otherOperatingExpenses": null, "interestExpense": -993000000, "extraordinaryItems": null, "nonRecurring": null, "otherItems": null, "incomeTaxExpense": 1288000000, "totalRevenue": 31010000000, "totalOperatingExpenses": 25440000000, "costOfRevenue": 10570000000, "totalOtherIncomeExpenseNet": -806000000, "discontinuedOperations": null, "netIncomeFromContinuingOps": 3476000000, "netIncomeApplicableToCommonShares": 3549000000}, "2021-12-31": {"researchDevelopment": null, "effectOfAccountingCharges": null, "incomeBeforeTax": 3886000000, "minorityInterest": 1917000000, "netIncome": 3057000000, "sellingGeneralAdministrative": 12053000000, "grossProfit": 20456000000, "ebit": 4821000000, "operatingIncome": 4821000000, "otherOperatingExpenses": null, "interestExpense": -1120000000, "extraordinaryItems": null, "nonRecurring": null, "otherItems": null, "incomeTaxExpense": 905000000, "totalRevenue": 30336000000, "totalOperatingExpenses": 25515000000, "costOfRevenue": 9880000000, "totalOtherIncomeExpenseNet": -935000000, "discontinuedOperations": null, "netIncomeFromContinuingOps": 2981000000, "netIncomeApplicableToCommonShares": 3057000000}, "2021-09-30": {"researchDevelopment": null, "effectOfAccountingCharges": null, "incomeBeforeTax": 5166000000, "minorityInterest": 2044000000, "netIncome": 4035000000, "sellingGeneralAdministrative": 10976000000, "grossProfit": 19903000000, "ebit": 5449000000, "operatingIncome": 5449000000, "otherOperatingExpenses": null, "interestExpense": -1050000000, "extraordinaryItems": null, "nonRecurring": null, "otherItems": null, "incomeTaxExpense": 1235000000, "totalRevenue": 30298000000, "totalOperatingExpenses": 24849000000, "costOfRevenue": 10395000000, "totalOtherIncomeExpenseNet": -283000000, "discontinuedOperations": null, "netIncomeFromContinuingOps": 3931000000, "netIncomeApplicableToCommonShares": 4035000000}}}, "cash": {"annual": {"2021-12-31": {"investments": -174000000, "changeToLiabilities": 765000000, "totalCashflowsFromInvestingActivities": -13446000000, "netBorrowings": -8870000000, "totalCashFromFinancingActivities": -18618000000, "changeToOperatingActivities": -298000000, "netIncome": 14159000000, "changeInCash": -2989000000, "repurchaseOfStock": -4672000000, "effectOfExchangeRate": -71000000, "totalCashFromOperatingActivities": 29146000000, "depreciation": 13804000000, "otherCashflowsFromInvestingActivities": 451000000, "dividendsPaid": -4532000000, "changeToAccountReceivables": -1335000000, "otherCashflowsFromFinancingActivities": -544000000, "changeToNetincome": 2051000000, "capitalExpenditures": -10150000000}, "2020-12-31": {"investments": -812000000, "changeToLiabilities": -266000000, "totalCashflowsFromInvestingActivities": -12047000000, "netBorrowings": -133000000, "totalCashFromFinancingActivities": -6513000000, "changeToOperatingActivities": 852000000, "netIncome": 10534000000, "changeInCash": 6179000000, "repurchaseOfStock": -534000000, "effectOfExchangeRate": 2000000, "totalCashFromOperatingActivities": 24737000000, "depreciation": 13100000000, "otherCashflowsFromInvestingActivities": 250000000, "dividendsPaid": -4140000000, "changeToAccountReceivables": -20000000, "otherCashflowsFromFinancingActivities": -1706000000, "changeToNetincome": 537000000, "capitalExpenditures": -10677000000}, "2019-12-31": {"investments": -1899000000, "changeToLiabilities": -347000000, "totalCashflowsFromInvestingActivities": -14841000000, "netBorrowings": -4988000000, "totalCashFromFinancingActivities": -9181000000, "changeToOperatingActivities": -2156000000, "netIncome": 13057000000, "changeInCash": 1680000000, "repurchaseOfStock": -504000000, "effectOfExchangeRate": 5000000, "totalCashFromOperatingActivities": 25697000000, "depreciation": 12953000000, "otherCashflowsFromInvestingActivities": 86000000, "dividendsPaid": -3735000000, "changeToAccountReceivables": -57000000, "otherCashflowsFromFinancingActivities": 46000000, "changeToNetincome": 2247000000, "capitalExpenditures": -11069000000}, "2018-12-31": {"investments": -1257000000, "changeToLiabilities": -394000000, "totalCashflowsFromInvestingActivities": -50854000000, "netBorrowings": 36362000000, "totalCashFromFinancingActivities": 27140000000, "changeToOperatingActivities": 899000000, "netIncome": 11731000000, "changeInCash": 338000000, "repurchaseOfStock": -5320000000, "effectOfExchangeRate": -245000000, "totalCashFromOperatingActivities": 24297000000, "depreciation": 11017000000, "otherCashflowsFromInvestingActivities": 650000000, "dividendsPaid": -3352000000, "changeToAccountReceivables": -802000000, "otherCashflowsFromFinancingActivities": -550000000, "changeToNetincome": 1846000000, "capitalExpenditures": -10234000000}}, "quarterly": {"2022-06-30": {"investments": -1098000000, "changeToLiabilities": -236000000, "totalCashflowsFromInvestingActivities": -4195000000, "netBorrowings": -101000000, "totalCashFromFinancingActivities": -4146000000, "changeToOperatingActivities": -1547000000, "netIncome": 3396000000, "changeInCash": -2055000000, "repurchaseOfStock": -3065000000, "effectOfExchangeRate": -41000000, "totalCashFromOperatingActivities": 6327000000, "depreciation": 3468000000, "otherCashflowsFromInvestingActivities": 41000000, "dividendsPaid": -1211000000, "changeToAccountReceivables": 189000000, "otherCashflowsFromFinancingActivities": 231000000, "changeToNetincome": 1057000000, "capitalExpenditures": -2435000000}, "2022-03-31": {"investments": -66000000, "changeToLiabilities": 314000000, "totalCashflowsFromInvestingActivities": -2597000000, "netBorrowings": 13000000, "totalCashFromFinancingActivities": -4490000000, "changeToOperatingActivities": -16000000, "netIncome": 3549000000, "changeInCash": 135000000, "repurchaseOfStock": -3223000000, "effectOfExchangeRate": -35000000, "totalCashFromOperatingActivities": 7257000000, "depreciation": 3548000000, "otherCashflowsFromInvestingActivities": 44000000, "dividendsPaid": -1166000000, "changeToAccountReceivables": -527000000, "otherCashflowsFromFinancingActivities": -114000000, "changeToNetincome": 389000000, "capitalExpenditures": -2003000000}, "2021-12-31": {"investments": -52000000, "changeToLiabilities": 98000000, "totalCashflowsFromInvestingActivities": -5040000000, "netBorrowings": -2344000000, "totalCashFromFinancingActivities": -5672000000, "changeToOperatingActivities": 708000000, "netIncome": 3057000000, "changeInCash": -3079000000, "repurchaseOfStock": -2055000000, "effectOfExchangeRate": -56000000, "totalCashFromOperatingActivities": 7689000000, "depreciation": 3582000000, "otherCashflowsFromInvestingActivities": 91000000, "dividendsPaid": -1145000000, "changeToAccountReceivables": -615000000, "otherCashflowsFromFinancingActivities": -128000000, "changeToNetincome": 859000000, "capitalExpenditures": -3179000000}, "2021-09-30": {"investments": -36000000, "changeToLiabilities": 368000000, "totalCashflowsFromInvestingActivities": -2775000000, "netBorrowings": -1124000000, "totalCashFromFinancingActivities": -3882000000, "changeToOperatingActivities": -1445000000, "netIncome": 4035000000, "changeInCash": -560000000, "repurchaseOfStock": -1660000000, "effectOfExchangeRate": -3000000, "totalCashFromOperatingActivities": 6100000000, "depreciation": 3477000000, "otherCashflowsFromInvestingActivities": 143000000, "dividendsPaid": -1157000000, "changeToAccountReceivables": -857000000, "otherCashflowsFromFinancingActivities": 59000000, "changeToNetincome": 522000000, "capitalExpenditures": -2264000000}}}}, "T": {"balance": {"annual": {"2021-12-31": {"intangibleAssets": 159493000000, "capitalSurplus": 130112000000, "totalLiab": 367767000000, "totalStockholderEquity": 166332000000, "minorityInterest": 17523000000, "deferredLongTermLiab": 7396000000, "otherCurrentLiab": 14111000000, "totalAssets": 551622000000, "commonStock": 7621000000, "otherCurrentAssets": 5154000000, "retainedEarnings": 42350000000, "otherLiab": 107048000000, "goodWill": 133223000000, "treasuryStock": -13751000000, "otherAssets": 40208000000, "cash": 21169000000, "totalCurrentLiabilities": 85588000000, "shortLongTermDebt": 13002000000, "otherStockholderEquity": 3529000000, "propertyPlantEquipment": 150084000000, "totalCurrentAssets": 59997000000, "longTermInvestments": 8617000000, "netTangibleAssets": -126384000000, "shortTermInvestments": 41000000, "netReceivables": 22378000000, "longTermDebt": 152386000000, "inventory": 3464000000, "accountsPayable": 30756000000}, "2020-12-31": {"intangibleAssets": 146316000000, "capitalSurplus": 130175000000, "totalLiab": 346521000000, "totalStockholderEquity": 161673000000, "minorityInterest": 17567000000, "deferredLongTermLiab": 8832000000, "otherCurrentLiab": 17738000000, "totalAssets": 525761000000, "commonStock": 7621000000, "otherCurrentAssets": 7214000000, "retainedEarnings": 37457000000, "otherLiab": 107106000000, "goodWill": 135259000000, "treasuryStock": -13580000000, "otherAssets": 38369000000, "cash": 9740000000, "totalCurrentLiabilities": 63438000000, "shortLongTermDebt": 3281000000, "otherStockholderEquity": 4330000000, "propertyPlantEquipment": 152029000000, "totalCurrentAssets": 52008000000, "longTermInvestments": 1780000000, "netTangibleAssets": -119902000000, "netReceivables": 23745000000, "longTermDebt": 151928000000, "inventory": 3695000000, "accountsPayable": 31836000000}, "2019-12-31": {"intangibleAssets": 157617000000, "capitalSurplus": 126279000000, "totalLiab": 349735000000, "totalStockholderEquity": 184221000000, "minorityInterest": 17713000000, "deferredLongTermLiab": 9430000000, "otherCurrentLiab": 16830000000, "totalAssets": 551669000000, "commonStock": 7621000000, "otherCurrentAssets": 12320000000, "retainedEarnings": 57936000000, "otherLiab": 107711000000, "goodWill": 146241000000, "treasuryStock": -7615000000, "otherAssets": 35188000000, "cash": 12130000000, "totalCurrentLiabilities": 68911000000, "shortLongTermDebt": 11672000000, "otherStockholderEquity": 5470000000, "propertyPlantEquipment": 154167000000, "totalCurrentAssets": 54761000000, "longTermInvestments": 3695000000, "netTangibleAssets": -119637000000, "netReceivables": 25816000000, "longTermDebt": 149437000000, "inventory": 2864000000, "accountsPayable": 29640000000}, "2018-12-31": {"intangibleAssets": 163827000000, "capitalSurplus": 125525000000, "totalLiab": 337980000000, "totalStockholderEquity": 184089000000, "minorityInterest": 9795000000, "deferredLongTermLiab": 9523000000, "otherCurrentLiab": 19747000000, "totalAssets": 531864000000, "commonStock": 7621000000, "otherCurrentAssets": 12241000000, "retainedEarnings": 58753000000, "otherLiab": 104708000000, "goodWill": 146370000000, "treasuryStock": -7810000000, "otherAssets": 32522000000, "cash": 5204000000, "totalCurrentLiabilities": 64420000000, "shortLongTermDebt": 7190000000, "otherStockholderEquity": 4249000000, "propertyPlantEquipment": 131473000000, "totalCurrentAssets": 51427000000, "longTermInvestments": 6245000000, "netTangibleAssets": -126108000000, "netReceivables": 29164000000, "longTermDebt": 166941000000, "inventory": 2771000000, "accountsPayable": 27018000000}}, "quarterly": {"2022-06-30": {"intangibleAssets": 128928000000, "capitalSurplus": 122850000000, "totalLiab": 291126000000, "totalStockholderEquity": 117746000000, "minorityInterest": 17561000000, "deferredLongTermLiab": 7936000000, "otherCurrentLiab": 5844000000, "totalAssets": 426433000000, "commonStock": 7621000000, "otherCurrentAssets": 5203000000, "retainedEarnings": 2128000000, "otherLiab": 91875000000, "goodWill": 92746000000, "treasuryStock": -14853000000, "otherAssets": 17693000000, "cash": 4018000000, "totalCurrentLiabilities": 49189000000, "shortLongTermDebt": 5814000000, "otherStockholderEquity": 2307000000, "propertyPlantEquipment": 146943000000, "totalCurrentAssets": 34485000000, "longTermInvestments": 5638000000, "netTangibleAssets": -103928000000, "shortTermInvestments": 83000000, "netReceivables": 15903000000, "longTermDebt": 129771000000, "inventory": 3241000000, "accountsPayable": 31069000000}, "2022-03-31": {"intangibleAssets": 158826000000, "capitalSurplus": 129637000000, "totalLiab": 390639000000, "totalStockholderEquity": 169036000000, "minorityInterest": 17520000000, "deferredLongTermLiab": 7847000000, "otherCurrentLiab": 7269000000, "totalAssets": 577195000000, "commonStock": 7621000000, "otherCurrentAssets": 4960000000, "retainedEarnings": 45041000000, "otherLiab": 107003000000, "goodWill": 133247000000, "treasuryStock": -13263000000, "otherAssets": 51223000000, "cash": 38565000000, "totalCurrentLiabilities": 82494000000, "shortLongTermDebt": 28380000000, "otherStockholderEquity": 3290000000, "propertyPlantEquipment": 151100000000, "totalCurrentAssets": 76856000000, "longTermInvestments": 5943000000, "netTangibleAssets": -123037000000, "shortTermInvestments": 61000000, "netReceivables": 17218000000, "longTermDebt": 180225000000, "inventory": 3153000000, "accountsPayable": 46845000000}, "2021-12-31": {"intangibleAssets": 159493000000, "capitalSurplus": 130112000000, "totalLiab": 367767000000, "totalStockholderEquity": 166332000000, "minorityInterest": 17523000000, "deferredLongTermLiab": 7396000000, "otherCurrentLiab": 14111000000, "totalAssets": 551622000000, "commonStock": 7621000000, "otherCurrentAssets": 5154000000, "retainedEarnings": 42350000000, "otherLiab": 107048000000, "goodWill": 133223000000, "treasuryStock": -13751000000, "otherAssets": 40208000000, "cash": 21169000000, "totalCurrentLiabilities": 85588000000, "shortLongTermDebt": 13002000000, "otherStockholderEquity": 3529000000, "propertyPlantEquipment": 150084000000, "totalCurrentAssets": 59997000000, "longTermInvestments": 8617000000, "netTangibleAssets": -126384000000, "shortTermInvestments": 41000000, "netReceivables": 22378000000, "longTermDebt": 152386000000, "inventory": 3464000000, "accountsPayable": 30756000000}, "2021-09-30": {"intangibleAssets": 159266000000, "capitalSurplus": 130035000000, "totalLiab": 365804000000, "totalStockholderEquity": 163771000000, "minorityInterest": 17532000000, "deferredLongTermLiab": 7252000000, "otherCurrentLiab": 8864000000, "totalAssets": 547107000000, "commonStock": 7621000000, "otherCurrentAssets": 6081000000, "retainedEarnings": 41091000000, "otherLiab": 106143000000, "goodWill": 133663000000, "treasuryStock": -14976000000, "otherAssets": 38198000000, "cash": 21270000000, "totalCurrentLiabilities": 81601000000, "shortLongTermDebt": 11956000000, "otherStockholderEquity": 2343000000, "propertyPlantEquipment": 148760000000, "totalCurrentAssets": 57230000000, "longTermInvestments": 9990000000, "netTangibleAssets": -129158000000, "shortTermInvestments": 65000000, "netReceivables": 20390000000, "longTermDebt": 154976000000, "inventory": 3088000000, "accountsPayable": 41261000000}}}, "income": {"annual": {"2021-12-31": {"researchDevelopment": null, "effectOfAccountingCharges": null, "incomeBeforeTax": 26947000000, "minorityInterest": 17523000000, "netIncome": 20081000000, "sellingGeneralAdministrative": 29290000000, "grossProfit": 89057000000, "ebit": 36905000000, "operatingIncome": 36905000000, "otherOperatingExpenses": null, "interestExpense": -6884000000, "extraordinaryItems": null, "nonRecurring": null, "otherItems": null, "incomeTaxExpense": 5468000000, "totalRevenue": 168864000000, "totalOperatingExpenses": 131959000000, "costOfRevenue": 79807000000, "totalOtherIncomeExpenseNet": -9958000000, "discontinuedOperations": null, "netIncomeFromContinuingOps": 21479000000, "netIncomeApplicableToCommonShares": 19874000000}, "2020-12-31": {"researchDevelopment": null, "effectOfAccountingCharges": null, "incomeBeforeTax": -2856000000, "minorityInterest": 17567000000, "netIncome": -5176000000, "sellingGeneralAdministrative": 37668000000, "grossProfit": 91840000000, "ebit": 25656000000, "operatingIncome": 25656000000, "otherOperatingExpenses": null, "interestExpense": -7925000000, "extraordinaryItems": null, "nonRecurring": null, "otherItems": null, "incomeTaxExpense": 965000000, "totalRevenue": 171760000000, "totalOperatingExpenses": 146104000000, "costOfRevenue": 79920000000, "totalOtherIncomeExpenseNet": -28512000000, "discontinuedOperations": null, "netIncomeFromContinuingOps": -3821000000, "netIncomeApplicableToCommonShares": -5369000000}, "2019-12-31": {"researchDevelopment": null, "effectOfAccountingCharges": null, "incomeBeforeTax": 18468000000, "minorityInterest": 17713000000, "netIncome": 13903000000, "sellingGeneralAdministrative": 41094000000, "grossProfit": 97052000000, "ebit": 27741000000, "operatingIncome": 27741000000, "otherOperatingExpenses": null, "interestExpense": -8422000000, "extraordinaryItems": null, "nonRecurring": null, "otherItems": null, "incomeTaxExpense": 3493000000, "totalRevenue": 181193000000, "totalOperatingExpenses": 153452000000, "costOfRevenue": 84141000000, "totalOtherIncomeExpenseNet": -9273000000, "discontinuedOperations": null, "netIncomeFromContinuingOps": 14975000000, "netIncomeApplicableToCommonShares": 13900000000}, "2018-12-31": {"researchDevelopment": null, "effectOfAccountingCharges": null, "incomeBeforeTax": 24873000000, "minorityInterest": 9795000000, "netIncome": 19370000000, "sellingGeneralAdministrative": 31289000000, "grossProfit": 91337000000, "ebit": 31618000000, "operatingIncome": 31618000000, "otherOperatingExpenses": null, "interestExpense": -7957000000, "extraordinaryItems": null, "nonRecurring": null, "otherItems": null, "incomeTaxExpense": 4920000000, "totalRevenue": 170756000000, "totalOperatingExpenses": 139138000000, "costOfRevenue": 79419000000, "totalOtherIncomeExpenseNet": -6745000000, "discontinuedOperations": null, "netIncomeFromContinuingOps": 19953000000, "netIncomeApplicableToCommonShares": 19370000000}}, "quarterly": {"2022-06-30": {"researchDevelopment": null, "effectOfAccountingCharges": null, "incomeBeforeTax": 6260000000, "minorityInterest": 17561000000, "netIncome": 4157000000, "sellingGeneralAdministrative": 4947000000, "grossProfit": 17302000000, "ebit": 7905000000, "operatingIncome": 7905000000, "otherOperatingExpenses": null, "interestExpense": -1502000000, "extraordinaryItems": null, "nonRecurring": null, "otherItems": null, "incomeTaxExpense": 1509000000, "totalRevenue": 29643000000, "totalOperatingExpenses": 21738000000, "costOfRevenue": 12341000000, "totalOtherIncomeExpenseNet": -1645000000, "discontinuedOperations": -214000000, "netIncomeFromContinuingOps": 4751000000, "netIncomeApplicableToCommonShares": 4105000000}, "2022-03-31": {"researchDevelopment": null, "effectOfAccountingCharges": null, "incomeBeforeTax": 6589000000, "minorityInterest": 17520000000, "netIncome": 4810000000, "sellingGeneralAdministrative": 4834000000, "grossProfit": 16977000000, "ebit": 7681000000, "operatingIncome": 7681000000, "otherOperatingExpenses": null, "interestExpense": -1626000000, "extraordinaryItems": null, "nonRecurring": null, "otherItems": null, "incomeTaxExpense": 1440000000, "totalRevenue": 29712000000, "totalOperatingExpenses": 22031000000, "costOfRevenue": 12735000000, "totalOtherIncomeExpenseNet": -1092000000, "discontinuedOperations": 15000000, "netIncomeFromContinuingOps": 5149000000, "netIncomeApplicableToCommonShares": 4762000000}, "2021-12-31": {"researchDevelopment": null, "effectOfAccountingCharges": null, "incomeBeforeTax": 6446000000, "minorityInterest": 17523000000, "netIncome": 5043000000, "sellingGeneralAdministrative": 7994000000, "grossProfit": 21163000000, "ebit": 7496000000, "operatingIncome": 7496000000, "otherOperatingExpenses": null, "interestExpense": -1663000000, "extraordinaryItems": null, "nonRecurring": null, "otherItems": null, "incomeTaxExpense": 1056000000, "totalRevenue": 40958000000, "totalOperatingExpenses": 33462000000, "costOfRevenue": 19795000000, "totalOtherIncomeExpenseNet": -1050000000, "discontinuedOperations": 15000000, "netIncomeFromContinuingOps": 5390000000, "netIncomeApplicableToCommonShares": 4992000000}, "2021-09-30": {"researchDevelopment": null, "effectOfAccountingCharges": null, "incomeBeforeTax": 7812000000, "minorityInterest": 17532000000, "netIncome": 5918000000, "sellingGeneralAdministrative": 7609000000, "grossProfit": 22096000000, "ebit": 8868000000, "operatingIncome": 8868000000, "otherOperatingExpenses": null, "interestExpense": -1667000000, "extraordinaryItems": null, "nonRecurring": null, "otherItems": null, "incomeTaxExpense": 1539000000, "totalRevenue": 39922000000, "totalOperatingExpenses": 31054000000, "costOfRevenue": 17826000000, "totalOtherIncomeExpenseNet": -1056000000, "discontinuedOperations": 15000000, "netIncomeFromContinuingOps": 6273000000, "netIncomeApplicableToCommonShares": 5868000000}}}, "cash": {"annual": {"2021-12-31": {"investments": 1323000000, "changeToLiabilities": 1636000000, "totalCashflowsFromInvestingActivities": -32089000000, "netBorrowings": 19196000000, "totalCashFromFinancingActivities": 1578000000, "changeToOperatingActivities": -16685000000, "issuanceOfStock": 96000000, "netIncome": 20081000000, "changeInCash": 11446000000, "repurchaseOfStock": -202000000, "totalCashFromOperatingActivities": 41957000000, "depreciation": 19841000000, "otherCashflowsFromInvestingActivities": -172000000, "dividendsPaid": -15068000000, "changeToAccountReceivables": -634000000, "otherCashflowsFromFinancingActivities": -2444000000, "changeToNetincome": 3691000000, "capitalExpenditures": -16527000000}, "2020-12-31": {"investments": 1323000000, "changeToLiabilities": -1410000000, "totalCashflowsFromInvestingActivities": -13548000000, "netBorrowings": -10986000000, "totalCashFromFinancingActivities": -32007000000, "changeToOperatingActivities": -14123000000, "issuanceOfStock": 105000000, "netIncome": -5176000000, "changeInCash": -2425000000, "repurchaseOfStock": -5498000000, "totalCashFromOperatingActivities": 43130000000, "depreciation": 25033000000, "otherCashflowsFromInvestingActivities": 337000000, "dividendsPaid": -14956000000, "changeToAccountReceivables": 2216000000, "otherCashflowsFromFinancingActivities": -4541000000, "changeToNetincome": 24504000000, "capitalExpenditures": -15675000000}, "2019-12-31": {"investments": 1323000000, "changeToLiabilities": -1524000000, "totalCashflowsFromInvestingActivities": -16690000000, "netBorrowings": -16771000000, "totalCashFromFinancingActivities": -25083000000, "changeToOperatingActivities": -13214000000, "issuanceOfStock": 631000000, "netIncome": 13903000000, "changeInCash": 6895000000, "repurchaseOfStock": -2417000000, "totalCashFromOperatingActivities": 48668000000, "depreciation": 24904000000, "otherCashflowsFromInvestingActivities": 70000000, "dividendsPaid": -14888000000, "changeToAccountReceivables": 2812000000, "otherCashflowsFromFinancingActivities": 7198000000, "changeToNetincome": 8887000000, "capitalExpenditures": -19635000000}, "2018-12-31": {"investments": -1233000000, "changeToLiabilities": 1602000000, "totalCashflowsFromInvestingActivities": -63145000000, "netBorrowings": -9349000000, "totalCashFromFinancingActivities": -25989000000, "changeToOperatingActivities": -10390000000, "issuanceOfStock": 745000000, "netIncome": 19370000000, "changeInCash": -45532000000, "repurchaseOfStock": -609000000, "totalCashFromOperatingActivities": 43602000000, "depreciation": 25338000000, "otherCashflowsFromInvestingActivities": 500000000, "dividendsPaid": -13410000000, "changeToAccountReceivables": -1580000000, "otherCashflowsFromFinancingActivities": -3366000000, "changeToNetincome": 2398000000, "capitalExpenditures": -21251000000}}, "quarterly": {"2022-06-30": {"netIncome": 4157000000, "changeToLiabilities": 0}, "2022-03-31": {"investments": 1315000000, "changeToLiabilities": -4031000000, "totalCashflowsFromInvestingActivities": -12651000000, "netBorrowings": 29105000000, "totalCashFromFinancingActivities": 24251000000, "changeToOperatingActivities": -2979000000, "issuanceOfStock": 26000000, "netIncome": 4810000000, "changeInCash": 17332000000, "repurchaseOfStock": -197000000, "totalCashFromOperatingActivities": 5732000000, "depreciation": 5539000000, "otherCashflowsFromInvestingActivities": 15000000, "dividendsPaid": -3749000000, "changeToAccountReceivables": -228000000, "otherCashflowsFromFinancingActivities": -934000000, "changeToNetincome": -388000000, "capitalExpenditures": -4748000000}, "2021-12-31": {"investments": 1323000000, "changeToLiabilities": 3890000000, "totalCashflowsFromInvestingActivities": -4756000000, "netBorrowings": -2166000000, "totalCashFromFinancingActivities": -6587000000, "changeToOperatingActivities": -5788000000, "issuanceOfStock": 7000000, "netIncome": 5043000000, "changeInCash": -89000000, "repurchaseOfStock": -11000000, "totalCashFromOperatingActivities": 11254000000, "depreciation": 2652000000, "otherCashflowsFromInvestingActivities": 18000000, "dividendsPaid": -3749000000, "changeToAccountReceivables": -691000000, "otherCashflowsFromFinancingActivities": -668000000, "changeToNetincome": 542000000, "capitalExpenditures": -3831000000}, "2021-09-30": {"investments": 1323000000, "changeToLiabilities": 2044000000, "totalCashflowsFromInvestingActivities": 3298000000, "netBorrowings": 755000000, "totalCashFromFinancingActivities": -3735000000, "changeToOperatingActivities": -5133000000, "issuanceOfStock": 4000000, "netIncome": 5918000000, "changeInCash": 9429000000, "repurchaseOfStock": -6000000, "totalCashFromOperatingActivities": 9866000000, "depreciation": 5619000000, "otherCashflowsFromInvestingActivities": -85000000, "dividendsPaid": -3748000000, "changeToAccountReceivables": -1358000000, "otherCashflowsFromFinancingActivities": -740000000, "changeToNetincome": 611000000, "capitalExpenditures": -4704000000}}}}, "CHTR": {"balance": {"annual": {"2021-12-31": {"intangibleAssets": 72263000000, "capitalSurplus": 26725000000, "totalLiab": 124335000000, "totalStockholderEquity": 14050000000, "minorityInterest": 4106000000, "deferredLongTermLiab": 496000000, "otherCurrentLiab": 4860000000, "totalAssets": 142491000000, "retainedEarnings": -12675000000, "otherLiab": 22067000000, "goodWill": 29562000000, "otherAssets": 1281000000, "cash": 601000000, "totalCurrentLiabilities": 12458000000, "shortLongTermDebt": 2997000000, "propertyPlantEquipment": 35616000000, "totalCurrentAssets": 3566000000, "longTermInvestments": 203000000, "netTangibleAssets": -87775000000, "netReceivables": 2579000000, "longTermDebt": 88564000000, "accountsPayable": 724000000}, "2020-12-31": {"intangibleAssets": 73821000000, "capitalSurplus": 29000000000, "totalLiab": 113925000000, "totalStockholderEquity": 23805000000, "minorityInterest": 6476000000, "deferredLongTermLiab": 458000000, "otherCurrentLiab": 4620000000, "totalAssets": 144206000000, "retainedEarnings": -5195000000, "otherLiab": 21133000000, "goodWill": 29554000000, "otherAssets": 1038000000, "cash": 1001000000, "totalCurrentLiabilities": 9875000000, "shortLongTermDebt": 1008000000, "propertyPlantEquipment": 35571000000, "totalCurrentAssets": 3909000000, "longTermInvestments": 313000000, "netTangibleAssets": -79570000000, "netReceivables": 2539000000, "longTermDebt": 81744000000, "accountsPayable": 763000000}, "2019-12-31": {"intangibleAssets": 75217000000, "capitalSurplus": 31405000000, "totalLiab": 109377000000, "totalStockholderEquity": 31445000000, "minorityInterest": 7366000000, "deferredLongTermLiab": 427000000, "otherCurrentLiab": 4938000000, "totalAssets": 148188000000, "retainedEarnings": 40000000, "otherLiab": 20373000000, "goodWill": 29554000000, "otherAssets": 933000000, "cash": 3483000000, "totalCurrentLiabilities": 12385000000, "shortLongTermDebt": 3500000000, "propertyPlantEquipment": 35683000000, "totalCurrentAssets": 6471000000, "longTermInvestments": 330000000, "netTangibleAssets": -73326000000, "netReceivables": 2227000000, "longTermDebt": 75578000000, "accountsPayable": 786000000}, "2018-12-31": {"intangibleAssets": 77360000000, "capitalSurplus": 33507000000, "totalLiab": 101858000000, "totalStockholderEquity": 36285000000, "minorityInterest": 7987000000, "deferredLongTermLiab": 415000000, "otherCurrentLiab": 4960000000, "totalAssets": 146130000000, "commonStock": 36285000000, "retainedEarnings": 2780000000, "otherLiab": 20226000000, "goodWill": 29554000000, "treasuryStock": -2000000, "otherAssets": 884000000, "cash": 551000000, "totalCurrentLiabilities": 12095000000, "shortLongTermDebt": 3290000000, "otherStockholderEquity": -2000000, "propertyPlantEquipment": 35126000000, "totalCurrentAssets": 2730000000, "longTermInvestments": 476000000, "netTangibleAssets": -70629000000, "netReceivables": 1733000000, "longTermDebt": 69537000000, "accountsPayable": 758000000}}, "quarterly": {"2022-06-30": {"intangibleAssets": 70727000000, "capitalSurplus": 26900000000, "totalLiab": 129745000000, "totalStockholderEquity": 9879000000, "minorityInterest": 3634000000, "otherCurrentLiab": 6611000000, "totalAssets": 143258000000, "retainedEarnings": -10001000000, "otherLiab": 23882000000, "goodWill": 29563000000, "treasuryStock": -7020000000, "otherAssets": 4758000000, "cash": 483000000, "totalCurrentLiabilities": 11395000000, "shortLongTermDebt": 1533000000, "propertyPlantEquipment": 34472000000, "totalCurrentAssets": 3738000000, "netTangibleAssets": -90411000000, "netReceivables": 2779000000, "longTermDebt": 94468000000, "accountsPayable": 718000000}, "2022-03-31": {"intangibleAssets": 71046000000, "capitalSurplus": 26865000000, "totalLiab": 128004000000, "totalStockholderEquity": 12060000000, "minorityInterest": 3884000000, "otherCurrentLiab": 5220000000, "totalAssets": 143948000000, "retainedEarnings": -11472000000, "otherLiab": 23396000000, "goodWill": 29563000000, "treasuryStock": -3333000000, "otherAssets": 3650000000, "cash": 2431000000, "totalCurrentLiabilities": 13929000000, "shortLongTermDebt": 4543000000, "propertyPlantEquipment": 34173000000, "totalCurrentAssets": 5516000000, "netTangibleAssets": -88549000000, "netReceivables": 2530000000, "longTermDebt": 90679000000, "accountsPayable": 706000000}, "2021-12-31": {"intangibleAssets": 72263000000, "capitalSurplus": 26725000000, "totalLiab": 124335000000, "totalStockholderEquity": 14050000000, "minorityInterest": 4106000000, "deferredLongTermLiab": 496000000, "otherCurrentLiab": 4860000000, "totalAssets": 142491000000, "retainedEarnings": -12675000000, "otherLiab": 22067000000, "goodWill": 29562000000, "otherAssets": 1281000000, "cash": 601000000, "totalCurrentLiabilities": 12458000000, "shortLongTermDebt": 2997000000, "propertyPlantEquipment": 35616000000, "totalCurrentAssets": 3566000000, "longTermInvestments": 203000000, "netTangibleAssets": -87775000000, "netReceivables": 2579000000, "longTermDebt": 88564000000, "accountsPayable": 724000000}, "2021-09-30": {"intangibleAssets": 72597000000, "capitalSurplus": 30015000000, "totalLiab": 120969000000, "totalStockholderEquity": 17030000000, "minorityInterest": 4496000000, "otherCurrentLiab": 4859000000, "totalAssets": 142495000000, "retainedEarnings": -2151000000, "otherLiab": 22134000000, "goodWill": 29554000000, "treasuryStock": -10834000000, "otherAssets": 1388000000, "cash": 466000000, "totalCurrentLiabilities": 12237000000, "shortLongTermDebt": 2996000000, "propertyPlantEquipment": 35458000000, "totalCurrentAssets": 3498000000, "netTangibleAssets": -85121000000, "netReceivables": 2645000000, "longTermDebt": 85376000000, "accountsPayable": 686000000}}}, "income": {"annual": {"2021-12-31": {"researchDevelopment": null, "effectOfAccountingCharges": null, "incomeBeforeTax": 6388000000, "minorityInterest": 4106000000, "netIncome": 4654000000, "sellingGeneralAdministrative": 2766000000, "grossProfit": 23271000000, "ebit": 11160000000, "operatingIncome": 11160000000, "otherOperatingExpenses": null, "interestExpense": -4037000000, "extraordinaryItems": null, "nonRecurring": null, "otherItems": null, "incomeTaxExpense": 1068000000, "totalRevenue": 51682000000, "totalOperatingExpenses": 40522000000, "costOfRevenue": 28411000000, "totalOtherIncomeExpenseNet": -4772000000, "discontinuedOperations": null, "netIncomeFromContinuingOps": 5320000000, "netIncomeApplicableToCommonShares": 4654000000}, "2020-12-31": {"researchDevelopment": null, "effectOfAccountingCharges": null, "incomeBeforeTax": 4302000000, "minorityInterest": 6476000000, "netIncome": 3222000000, "sellingGeneralAdministrative": 3097000000, "grossProfit": 21198000000, "ebit": 8397000000, "operatingIncome": 8397000000, "otherOperatingExpenses": null, "interestExpense": -3848000000, "extraordinaryItems": null, "nonRecurring": null, "otherItems": null, "incomeTaxExpense": 626000000, "totalRevenue": 48097000000, "totalOperatingExpenses": 39700000000, "costOfRevenue": 26899000000, "totalOtherIncomeExpenseNet": -4095000000, "discontinuedOperations": null, "netIncomeFromContinuingOps": 3676000000, "netIncomeApplicableToCommonShares": 3222000000}, "2019-12-31": {"researchDevelopment": null, "effectOfAccountingCharges": null, "incomeBeforeTax": 2431000000, "minorityInterest": 7366000000, "netIncome": 1668000000, "sellingGeneralAdministrative": 3113000000, "grossProfit": 19584000000, "ebit": 6545000000, "operatingIncome": 6545000000, "otherOperatingExpenses": null, "interestExpense": -3797000000, "extraordinaryItems": null, "nonRecurring": null, "otherItems": null, "incomeTaxExpense": 439000000, "totalRevenue": 45764000000, "totalOperatingExpenses": 39219000000, "costOfRevenue": 26180000000, "totalOtherIncomeExpenseNet": -4114000000, "discontinuedOperations": null, "netIncomeFromContinuingOps": 1992000000, "netIncomeApplicableToCommonShares": 1668000000}, "2018-12-31": {"researchDevelopment": null, "effectOfAccountingCharges": null, "incomeBeforeTax": 1686000000, "minorityInterest": 7987000000, "netIncome": 1230000000, "sellingGeneralAdministrative": 2850000000, "grossProfit": 18816000000, "ebit": 5648000000, "operatingIncome": 5648000000, "otherOperatingExpenses": 235000000, "interestExpense": -3540000000, "extraordinaryItems": null, "nonRecurring": null, "otherItems": null, "incomeTaxExpense": 180000000, "totalRevenue": 43634000000, "totalOperatingExpenses": 37986000000, "costOfRevenue": 24818000000, "totalOtherIncomeExpenseNet": -3962000000, "discontinuedOperations": null, "netIncomeFromContinuingOps": 1506000000, "netIncomeApplicableToCommonShares": 1230000000}}, "quarterly": {"2022-06-30": {"researchDevelopment": null, "effectOfAccountingCharges": null, "incomeBeforeTax": 2197000000, "minorityInterest": 3634000000, "netIncome": 1471000000, "sellingGeneralAdministrative": 789000000, "grossProfit": 6211000000, "ebit": 3182000000, "operatingIncome": 3182000000, "otherOperatingExpenses": null, "interestExpense": -1109000000, "extraordinaryItems": null, "nonRecurring": null, "otherItems": null, "incomeTaxExpense": 489000000, "totalRevenue": 13598000000, "totalOperatingExpenses": 10416000000, "costOfRevenue": 7387000000, "totalOtherIncomeExpenseNet": -985000000, "discontinuedOperations": null, "netIncomeFromContinuingOps": 1708000000, "netIncomeApplicableToCommonShares": 1471000000}, "2022-03-31": {"researchDevelopment": null, "effectOfAccountingCharges": null, "incomeBeforeTax": 1734000000, "minorityInterest": 3884000000, "netIncome": 1203000000, "sellingGeneralAdministrative": 809000000, "grossProfit": 5892000000, "ebit": 2789000000, "operatingIncome": 2789000000, "otherOperatingExpenses": null, "interestExpense": -1060000000, "extraordinaryItems": null, "nonRecurring": null, "otherItems": null, "incomeTaxExpense": 345000000, "totalRevenue": 13200000000, "totalOperatingExpenses": 10411000000, "costOfRevenue": 7308000000, "totalOtherIncomeExpenseNet": -1055000000, "discontinuedOperations": null, "netIncomeFromContinuingOps": 1389000000, "netIncomeApplicableToCommonShares": 1203000000}, "2021-12-31": {"researchDevelopment": null, "effectOfAccountingCharges": null, "incomeBeforeTax": 2058000000, "minorityInterest": 4106000000, "netIncome": 1610000000, "sellingGeneralAdministrative": 317000000, "grossProfit": 5727000000, "ebit": 3130000000, "operatingIncome": 3130000000, "otherOperatingExpenses": null, "interestExpense": -1034000000, "extraordinaryItems": null, "nonRecurring": null, "otherItems": null, "incomeTaxExpense": 224000000, "totalRevenue": 13212000000, "totalOperatingExpenses": 10082000000, "costOfRevenue": 7485000000, "totalOtherIncomeExpenseNet": -1072000000, "discontinuedOperations": null, "netIncomeFromContinuingOps": 1834000000, "netIncomeApplicableToCommonShares": 1610000000}, "2021-09-30": {"researchDevelopment": null, "effectOfAccountingCharges": null, "incomeBeforeTax": 1754000000, "minorityInterest": 4496000000, "netIncome": 1217000000, "sellingGeneralAdministrative": 918000000, "grossProfit": 6091000000, "ebit": 2903000000, "operatingIncome": 2903000000, "otherOperatingExpenses": null, "interestExpense": -1016000000, "extraordinaryItems": null, "nonRecurring": null, "otherItems": null, "incomeTaxExpense": 347000000, "totalRevenue": 13146000000, "totalOperatingExpenses": 10243000000, "costOfRevenue": 7055000000, "totalOtherIncomeExpenseNet": -1149000000, "discontinuedOperations": null, "netIncomeFromContinuingOps": 1407000000, "netIncomeApplicableToCommonShares": 1217000000}}}, "cash": {"annual": {"2021-12-31": {"changeToLiabilities": 362000000, "totalCashflowsFromInvestingActivities": -7754000000, "netBorrowings": 8960000000, "totalCashFromFinancingActivities": -8885000000, "changeToOperatingActivities": -167000000, "issuanceOfStock": 44000000, "netIncome": 4654000000, "changeInCash": -400000000, "repurchaseOfStock": -15431000000, "totalCashFromOperatingActivities": 16239000000, "depreciation": 9345000000, "otherCashflowsFromInvestingActivities": 9000000, "changeToAccountReceivables": -35000000, "otherCashflowsFromFinancingActivities": -2458000000, "changeToNetincome": 2080000000, "capitalExpenditures": -7635000000}, "2020-12-31": {"changeToLiabilities": 291000000, "totalCashflowsFromInvestingActivities": -8157000000, "netBorrowings": 3780000000, "totalCashFromFinancingActivities": -8953000000, "changeToOperatingActivities": -31000000, "issuanceOfStock": 207000000, "netIncome": 3222000000, "changeInCash": -2548000000, "repurchaseOfStock": -11217000000, "totalCashFromOperatingActivities": 14562000000, "depreciation": 9704000000, "otherCashflowsFromInvestingActivities": -95000000, "changeToAccountReceivables": -67000000, "otherCashflowsFromFinancingActivities": -1723000000, "changeToNetincome": 1443000000, "capitalExpenditures": -7415000000}, "2019-12-31": {"changeToLiabilities": -103000000, "totalCashflowsFromInvestingActivities": -7331000000, "netBorrowings": 6376000000, "totalCashFromFinancingActivities": -1633000000, "changeToOperatingActivities": -196000000, "issuanceOfStock": 118000000, "netIncome": 1668000000, "changeInCash": 2784000000, "repurchaseOfStock": -6873000000, "totalCashFromOperatingActivities": 11748000000, "depreciation": 9926000000, "otherCashflowsFromInvestingActivities": 12000000, "changeToAccountReceivables": -706000000, "otherCashflowsFromFinancingActivities": -1254000000, "changeToNetincome": 1159000000, "capitalExpenditures": -7195000000}, "2018-12-31": {"changeToLiabilities": 125000000, "totalCashflowsFromInvestingActivities": -9736000000, "netBorrowings": 3393000000, "totalCashFromFinancingActivities": -1887000000, "changeToOperatingActivities": -270000000, "issuanceOfStock": 69000000, "netIncome": 1230000000, "changeInCash": 144000000, "repurchaseOfStock": -4399000000, "totalCashFromOperatingActivities": 11767000000, "depreciation": 10318000000, "otherCashflowsFromInvestingActivities": -590000000, "changeToAccountReceivables": -98000000, "otherCashflowsFromFinancingActivities": -950000000, "changeToNetincome": 462000000, "capitalExpenditures": -9125000000}}, "quarterly": {"2022-06-30": {"changeToLiabilities": -62000000, "totalCashflowsFromInvestingActivities": -2295000000, "netBorrowings": 925000000, "totalCashFromFinancingActivities": -3387000000, "changeToOperatingActivities": 52000000, "issuanceOfStock": 4000000, "netIncome": 1471000000, "changeInCash": -1948000000, "repurchaseOfStock": -3687000000, "totalCashFromOperatingActivities": 3734000000, "depreciation": 2240000000, "otherCashflowsFromInvestingActivities": -102000000, "changeToAccountReceivables": -249000000, "otherCashflowsFromFinancingActivities": -629000000, "changeToNetincome": 282000000, "capitalExpenditures": -2193000000}, "2022-03-31": {"changeToLiabilities": -61000000, "totalCashflowsFromInvestingActivities": -1787000000, "netBorrowings": 3759000000, "totalCashFromFinancingActivities": -30000000, "changeToOperatingActivities": -185000000, "issuanceOfStock": 1000000, "netIncome": 1203000000, "changeInCash": 1830000000, "repurchaseOfStock": -3333000000, "totalCashFromOperatingActivities": 3647000000, "depreciation": 2294000000, "otherCashflowsFromInvestingActivities": 70000000, "changeToAccountReceivables": 49000000, "otherCashflowsFromFinancingActivities": -457000000, "changeToNetincome": 347000000, "capitalExpenditures": -1857000000}, "2021-12-31": {"changeToLiabilities": -74000000, "totalCashflowsFromInvestingActivities": -1992000000, "netBorrowings": 3220000000, "totalCashFromFinancingActivities": -2099000000, "changeToOperatingActivities": -40000000, "issuanceOfStock": 1000000, "netIncome": 1610000000, "changeInCash": 135000000, "repurchaseOfStock": -4597000000, "totalCashFromOperatingActivities": 4226000000, "depreciation": 2280000000, "otherCashflowsFromInvestingActivities": 80000000, "changeToAccountReceivables": 71000000, "otherCashflowsFromFinancingActivities": -723000000, "changeToNetincome": 379000000, "capitalExpenditures": -2072000000}, "2021-09-30": {"changeToLiabilities": 117000000, "totalCashflowsFromInvestingActivities": -1790000000, "netBorrowings": 418000000, "totalCashFromFinancingActivities": -3718000000, "changeToOperatingActivities": -14000000, "issuanceOfStock": 17000000, "netIncome": 1217000000, "changeInCash": -1245000000, "repurchaseOfStock": -3666000000, "totalCashFromOperatingActivities": 4263000000, "depreciation": 2270000000, "otherCashflowsFromInvestingActivities": 76000000, "changeToAccountReceivables": -62000000, "otherCashflowsFromFinancingActivities": -487000000, "changeToNetincome": 735000000, "capitalExpenditures": -1861000000}}}}, "WBD": {"balance": {"annual": {"2021-12-31": {"intangibleAssets": 10520000000, "capitalSurplus": 11086000000, "totalLiab": 21031000000, "totalStockholderEquity": 11599000000, "minorityInterest": 1797000000, "otherCurrentLiab": 1250000000, "totalAssets": 34427000000, "commonStock": 7000000, "otherCurrentAssets": 329000000, "retainedEarnings": 9580000000, "otherLiab": 2383000000, "goodWill": 12912000000, "treasuryStock": -9074000000, "otherAssets": 1084000000, "cash": 3905000000, "totalCurrentLiabilities": 3459000000, "deferredLongTermAssetCharges": 755000000, "shortLongTermDebt": 339000000, "otherStockholderEquity": -830000000, "propertyPlantEquipment": 1500000000, "totalCurrentAssets": 7264000000, "longTermInvestments": 1147000000, "netTangibleAssets": -11833000000, "shortTermInvestments": 40000000, "netReceivables": 2466000000, "longTermDebt": 14425000000, "accountsPayable": 412000000}, "2020-12-31": {"intangibleAssets": 11327000000, "capitalSurplus": 10809000000, "totalLiab": 21704000000, "totalStockholderEquity": 10464000000, "minorityInterest": 1919000000, "otherCurrentLiab": 1085000000, "totalAssets": 34087000000, "commonStock": 7000000, "otherCurrentAssets": 871000000, "retainedEarnings": 8543000000, "otherLiab": 2688000000, "goodWill": 13070000000, "treasuryStock": -8895000000, "otherAssets": 914000000, "cash": 2091000000, "totalCurrentLiabilities": 3082000000, "deferredLongTermAssetCharges": 597000000, "shortLongTermDebt": 335000000, "otherStockholderEquity": -651000000, "propertyPlantEquipment": 1533000000, "totalCurrentAssets": 6130000000, "longTermInvestments": 1113000000, "netTangibleAssets": -13933000000, "shortTermInvestments": 32000000, "netReceivables": 2537000000, "longTermDebt": 15158000000, "accountsPayable": 397000000}, "2019-12-31": {"intangibleAssets": 11972000000, "capitalSurplus": 10747000000, "totalLiab": 21769000000, "totalStockholderEquity": 9891000000, "minorityInterest": 2075000000, "otherCurrentLiab": 945000000, "totalAssets": 33735000000, "commonStock": 7000000, "otherCurrentAssets": 682000000, "retainedEarnings": 7333000000, "otherLiab": 2896000000, "goodWill": 13050000000, "treasuryStock": -8196000000, "otherAssets": 937000000, "cash": 1552000000, "totalCurrentLiabilities": 3239000000, "deferredLongTermAssetCharges": 475000000, "shortLongTermDebt": 609000000, "otherStockholderEquity": -822000000, "propertyPlantEquipment": 1388000000, "totalCurrentAssets": 5217000000, "longTermInvestments": 1171000000, "netTangibleAssets": -15131000000, "netReceivables": 2633000000, "longTermDebt": 14810000000, "accountsPayable": 463000000}, "2018-12-31": {"intangibleAssets": 12879000000, "capitalSurplus": 10647000000, "totalLiab": 22033000000, "totalStockholderEquity": 8386000000, "minorityInterest": 2131000000, "otherCurrentLiab": 633000000, "totalAssets": 32550000000, "commonStock": 7000000, "otherCurrentAssets": 355000000, "retainedEarnings": 5254000000, "otherLiab": 2861000000, "goodWill": 13006000000, "treasuryStock": -7522000000, "otherAssets": 221000000, "cash": 986000000, "totalCurrentLiabilities": 3997000000, "deferredLongTermAssetCharges": 81000000, "shortLongTermDebt": 1819000000, "otherStockholderEquity": -785000000, "propertyPlantEquipment": 664000000, "totalCurrentAssets": 4231000000, "longTermInvestments": 1549000000, "netTangibleAssets": -17499000000, "shortTermInvestments": 13000000, "netReceivables": 2620000000, "longTermDebt": 14974000000, "accountsPayable": 325000000}}, "quarterly": {"2022-06-30": {"intangibleAssets": 78844000000, "capitalSurplus": 54439000000, "totalLiab": 89293000000, "totalStockholderEquity": 51383000000, "minorityInterest": 1564000000, "otherCurrentLiab": 3116000000, "totalAssets": 142240000000, "commonStock": 27000000, "otherCurrentAssets": 1401000000, "retainedEarnings": 6614000000, "otherLiab": 20585000000, "goodWill": 34273000000, "treasuryStock": -9697000000, "otherAssets": 3313000000, "cash": 2575000000, "totalCurrentLiabilities": 14436000000, "shortLongTermDebt": 1097000000, "otherStockholderEquity": -1453000000, "propertyPlantEquipment": 8515000000, "totalCurrentAssets": 15449000000, "longTermInvestments": 1846000000, "netTangibleAssets": -61734000000, "shortTermInvestments": 14000000, "netReceivables": 7061000000, "longTermDebt": 51388000000, "inventory": 139000000, "accountsPayable": 1397000000}, "2022-03-31": {"intangibleAssets": 9739000000, "capitalSurplus": 11120000000, "totalLiab": 20237000000, "totalStockholderEquity": 11969000000, "minorityInterest": 1593000000, "otherCurrentLiab": 300000000, "totalAssets": 33799000000, "commonStock": 7000000, "otherCurrentAssets": 210000000, "retainedEarnings": 10033000000, "otherLiab": 3070000000, "goodWill": 12872000000, "treasuryStock": -9191000000, "otherAssets": 1580000000, "cash": 4162000000, "totalCurrentLiabilities": 3562000000, "shortLongTermDebt": 794000000, "otherStockholderEquity": -947000000, "propertyPlantEquipment": 1328000000, "totalCurrentAssets": 7173000000, "longTermInvestments": 1107000000, "netTangibleAssets": -10642000000, "shortTermInvestments": 22000000, "netReceivables": 2426000000, "longTermDebt": 13605000000, "accountsPayable": 521000000}, "2021-12-31": {"intangibleAssets": 10520000000, "capitalSurplus": 11086000000, "totalLiab": 21031000000, "totalStockholderEquity": 11599000000, "minorityInterest": 1797000000, "otherCurrentLiab": 1250000000, "totalAssets": 34427000000, "commonStock": 7000000, "otherCurrentAssets": 329000000, "retainedEarnings": 9580000000, "otherLiab": 2383000000, "goodWill": 12912000000, "treasuryStock": -9074000000, "otherAssets": 1084000000, "cash": 3905000000, "totalCurrentLiabilities": 3459000000, "deferredLongTermAssetCharges": 755000000, "shortLongTermDebt": 339000000, "otherStockholderEquity": -830000000, "propertyPlantEquipment": 1500000000, "totalCurrentAssets": 7264000000, "longTermInvestments": 1147000000, "netTangibleAssets": -11833000000, "shortTermInvestments": 40000000, "netReceivables": 2466000000, "longTermDebt": 14425000000, "accountsPayable": 412000000}, "2021-09-30": {"intangibleAssets": 10472000000, "capitalSurplus": 11043000000, "totalLiab": 20920000000, "totalStockholderEquity": 11611000000, "minorityInterest": 1787000000, "otherCurrentLiab": 700000000, "totalAssets": 34318000000, "commonStock": 7000000, "otherCurrentAssets": 330000000, "retainedEarnings": 9522000000, "otherLiab": 3149000000, "goodWill": 12957000000, "treasuryStock": -8961000000, "otherAssets": 1477000000, "cash": 3116000000, "totalCurrentLiabilities": 3335000000, "shortLongTermDebt": 356000000, "otherStockholderEquity": -717000000, "propertyPlantEquipment": 1310000000, "totalCurrentAssets": 6656000000, "longTermInvestments": 1446000000, "netTangibleAssets": -11818000000, "shortTermInvestments": 190000000, "netReceivables": 2462000000, "longTermDebt": 14436000000, "accountsPayable": 2256000000}}}, "income": {"annual": {"2021-12-31": {"researchDevelopment": null, "effectOfAccountingCharges": null, "incomeBeforeTax": 1433000000, "minorityInterest": 1797000000, "netIncome": 1006000000, "sellingGeneralAdministrative": 3921000000, "grossProfit": 7576000000, "ebit": 2073000000, "operatingIncome": 2073000000, "otherOperatingExpenses": null, "interestExpense": -677000000, "extraordinaryItems": null, "nonRecurring": null, "otherItems": null, "incomeTaxExpense": 236000000, "totalRevenue": 12191000000, "totalOperatingExpenses": 10118000000, "costOfRevenue": 4615000000, "totalOtherIncomeExpenseNet": -640000000, "discontinuedOperations": null, "netIncomeFromContinuingOps": 1197000000, "netIncomeApplicableToCommonShares": 912000000}, "2020-12-31": {"researchDevelopment": null, "effectOfAccountingCharges": null, "incomeBeforeTax": 1728000000, "minorityInterest": 1919000000, "netIncome": 1219000000, "sellingGeneralAdministrative": 2716000000, "grossProfit": 6859000000, "ebit": 2784000000, "operatingIncome": 2784000000, "otherOperatingExpenses": null, "interestExpense": -691000000, "extraordinaryItems": null, "nonRecurring": null, "otherItems": null, "incomeTaxExpense": 373000000, "totalRevenue": 10671000000, "totalOperatingExpenses": 7887000000, "costOfRevenue": 3812000000, "totalOtherIncomeExpenseNet": -1056000000, "discontinuedOperations": null, "netIncomeFromContinuingOps": 1355000000, "netIncomeApplicableToCommonShares": 1091000000}, "2019-12-31": {"researchDevelopment": null, "effectOfAccountingCharges": null, "incomeBeforeTax": 2294000000, "minorityInterest": 2075000000, "netIncome": 2069000000, "sellingGeneralAdministrative": 2762000000, "grossProfit": 7392000000, "ebit": 3283000000, "operatingIncome": 3283000000, "otherOperatingExpenses": null, "interestExpense": -720000000, "extraordinaryItems": null, "nonRecurring": null, "otherItems": null, "incomeTaxExpense": 81000000, "totalRevenue": 11144000000, "totalOperatingExpenses": 7861000000, "costOfRevenue": 3752000000, "totalOtherIncomeExpenseNet": -989000000, "discontinuedOperations": null, "netIncomeFromContinuingOps": 2213000000, "netIncomeApplicableToCommonShares": 1845000000}, "2018-12-31": {"researchDevelopment": null, "effectOfAccountingCharges": null, "incomeBeforeTax": 1022000000, "minorityInterest": 2131000000, "netIncome": 594000000, "sellingGeneralAdministrative": 2510000000, "grossProfit": 6643000000, "ebit": 2735000000, "operatingIncome": 2735000000, "otherOperatingExpenses": null, "interestExpense": -743000000, "extraordinaryItems": null, "nonRecurring": null, "otherItems": null, "incomeTaxExpense": 341000000, "totalRevenue": 10553000000, "totalOperatingExpenses": 7818000000, "costOfRevenue": 3910000000, "totalOtherIncomeExpenseNet": -1713000000, "discontinuedOperations": null, "netIncomeFromContinuingOps": 681000000, "netIncomeApplicableToCommonShares": 529000000}}, "quarterly": {"2022-06-30": {"researchDevelopment": null, "effectOfAccountingCharges": null, "incomeBeforeTax": -4244000000, "minorityInterest": 1564000000, "netIncome": -3418000000, "sellingGeneralAdministrative": 2555000000, "grossProfit": 3202000000, "ebit": -1619000000, "operatingIncome": -1619000000, "otherOperatingExpenses": null, "interestExpense": -518000000, "extraordinaryItems": null, "nonRecurring": null, "otherItems": null, "incomeTaxExpense": -836000000, "totalRevenue": 9827000000, "totalOperatingExpenses": 11446000000, "costOfRevenue": 6625000000, "totalOtherIncomeExpenseNet": -2625000000, "discontinuedOperations": null, "netIncomeFromContinuingOps": -3408000000, "netIncomeApplicableToCommonShares": -3418000000}, "2022-03-31": {"researchDevelopment": null, "effectOfAccountingCharges": null, "incomeBeforeTax": 676000000, "minorityInterest": 1593000000, "netIncome": 456000000, "sellingGeneralAdministrative": 953000000, "grossProfit": 1923000000, "ebit": 445000000, "operatingIncome": 445000000, "otherOperatingExpenses": null, "interestExpense": 344000000, "extraordinaryItems": null, "nonRecurring": null, "otherItems": null, "incomeTaxExpense": 201000000, "totalRevenue": 3159000000, "totalOperatingExpenses": 2714000000, "costOfRevenue": 1236000000, "totalOtherIncomeExpenseNet": 231000000, "discontinuedOperations": null, "netIncomeFromContinuingOps": 475000000, "netIncomeApplicableToCommonShares": 407000000}, "2021-12-31": {"researchDevelopment": null, "effectOfAccountingCharges": null, "incomeBeforeTax": 183000000, "minorityInterest": 1797000000, "netIncome": 38000000, "sellingGeneralAdministrative": 1026000000, "grossProfit": 2122000000, "ebit": 557000000, "operatingIncome": 557000000, "otherOperatingExpenses": null, "interestExpense": -273000000, "extraordinaryItems": null, "nonRecurring": null, "otherItems": null, "incomeTaxExpense": 92000000, "totalRevenue": 3187000000, "totalOperatingExpenses": 2630000000, "costOfRevenue": 1065000000, "totalOtherIncomeExpenseNet": -374000000, "discontinuedOperations": null, "netIncomeFromContinuingOps": 91000000, "netIncomeApplicableToCommonShares": 48000000}, "2021-09-30": {"researchDevelopment": null, "effectOfAccountingCharges": null, "incomeBeforeTax": 233000000, "minorityInterest": 1787000000, "netIncome": 156000000, "sellingGeneralAdministrative": 931000000, "grossProfit": 1623000000, "ebit": 351000000, "operatingIncome": 351000000, "otherOperatingExpenses": null, "interestExpense": -63000000, "extraordinaryItems": null, "nonRecurring": null, "otherItems": null, "incomeTaxExpense": 36000000, "totalRevenue": 3150000000, "totalOperatingExpenses": 2799000000, "costOfRevenue": 1527000000, "totalOtherIncomeExpenseNet": -118000000, "discontinuedOperations": null, "netIncomeFromContinuingOps": 197000000, "netIncomeApplicableToCommonShares": 139000000}}}, "cash": {"annual": {"2021-12-31": {"investments": 312000000, "changeToLiabilities": 185000000, "totalCashflowsFromInvestingActivities": -56000000, "netBorrowings": -574000000, "totalCashFromFinancingActivities": -853000000, "changeToOperatingActivities": -3469000000, "netIncome": 1006000000, "changeInCash": 1783000000, "effectOfExchangeRate": -106000000, "totalCashFromOperatingActivities": 2798000000, "depreciation": 1582000000, "otherCashflowsFromInvestingActivities": 7000000, "changeToAccountReceivables": 47000000, "otherCashflowsFromFinancingActivities": -279000000, "changeToNetincome": -49000000, "capitalExpenditures": -373000000}, "2020-12-31": {"investments": -362000000, "changeToLiabilities": -131000000, "totalCashflowsFromInvestingActivities": -703000000, "netBorrowings": -214000000, "totalCashFromFinancingActivities": -1549000000, "changeToOperatingActivities": -3073000000, "netIncome": 1219000000, "changeInCash": 570000000, "repurchaseOfStock": -969000000, "effectOfExchangeRate": 83000000, "totalCashFromOperatingActivities": 2739000000, "depreciation": 1359000000, "otherCashflowsFromInvestingActivities": 100000000, "changeToAccountReceivables": 105000000, "otherCashflowsFromFinancingActivities": -366000000, "changeToNetincome": 352000000, "capitalExpenditures": -402000000}, "2019-12-31": {"investments": -129000000, "changeToLiabilities": 122000000, "totalCashflowsFromInvestingActivities": -438000000, "netBorrowings": -1404000000, "totalCashFromFinancingActivities": -2357000000, "changeToOperatingActivities": -3088000000, "netIncome": 2069000000, "changeInCash": 566000000, "repurchaseOfStock": -633000000, "effectOfExchangeRate": -38000000, "totalCashFromOperatingActivities": 3399000000, "depreciation": 1347000000, "otherCashflowsFromInvestingActivities": 53000000, "changeToAccountReceivables": -7000000, "otherCashflowsFromFinancingActivities": -320000000, "changeToNetincome": 170000000, "capitalExpenditures": -289000000}, "2018-12-31": {"investments": -61000000, "changeToLiabilities": -74000000, "totalCashflowsFromInvestingActivities": -8593000000, "netBorrowings": -216000000, "totalCashFromFinancingActivities": -283000000, "changeToOperatingActivities": -2762000000, "netIncome": 594000000, "changeInCash": -6323000000, "repurchaseOfStock": -633000000, "effectOfExchangeRate": -23000000, "totalCashFromOperatingActivities": 2576000000, "depreciation": 1398000000, "otherCashflowsFromInvestingActivities": 73000000, "changeToAccountReceivables": -84000000, "otherCashflowsFromFinancingActivities": -67000000, "changeToNetincome": 646000000, "capitalExpenditures": -147000000}}, "quarterly": {"2022-06-30": {"investments": 72000000, "changeToLiabilities": 132000000, "totalCashflowsFromInvestingActivities": 2351000000, "netBorrowings": -3500000000, "totalCashFromFinancingActivities": -3570000000, "changeToOperatingActivities": -3287000000, "netIncome": -3418000000, "changeInCash": -269000000, "effectOfExchangeRate": -61000000, "totalCashFromOperatingActivities": 1011000000, "depreciation": 2266000000, "otherCashflowsFromInvestingActivities": 82000000, "changeToAccountReceivables": -439000000, "otherCashflowsFromFinancingActivities": -70000000, "changeToNetincome": 641000000, "capitalExpenditures": -222000000}, "2022-03-31": {"investments": -42000000, "changeToLiabilities": -124000000, "totalCashflowsFromInvestingActivities": 529000000, "netBorrowings": -327000000, "totalCashFromFinancingActivities": -587000000, "changeToOperatingActivities": -1003000000, "netIncome": 456000000, "changeInCash": 260000000, "effectOfExchangeRate": -5000000, "totalCashFromOperatingActivities": 323000000, "depreciation": 525000000, "otherCashflowsFromInvestingActivities": 656000000, "changeToAccountReceivables": -5000000, "otherCashflowsFromFinancingActivities": -260000000, "changeToNetincome": -495000000, "capitalExpenditures": -85000000}, "2021-12-31": {"investments": 54000000, "changeToLiabilities": 61000000, "totalCashflowsFromInvestingActivities": -26000000, "netBorrowings": -327000000, "totalCashFromFinancingActivities": -42000000, "changeToOperatingActivities": -871000000, "netIncome": 38000000, "changeInCash": 779000000, "effectOfExchangeRate": -37000000, "totalCashFromOperatingActivities": 884000000, "depreciation": 539000000, "otherCashflowsFromInvestingActivities": 22000000, "changeToAccountReceivables": 3000000, "otherCashflowsFromFinancingActivities": -42000000, "changeToNetincome": 350000000, "capitalExpenditures": -100000000}, "2021-09-30": {"investments": 15000000, "changeToLiabilities": 83000000, "totalCashflowsFromInvestingActivities": -226000000, "netBorrowings": -235000000, "totalCashFromFinancingActivities": -273000000, "changeToOperatingActivities": -975000000, "netIncome": 156000000, "changeInCash": 292000000, "effectOfExchangeRate": -20000000, "totalCashFromOperatingActivities": 811000000, "depreciation": 341000000, "otherCashflowsFromInvestingActivities": -135000000, "changeToAccountReceivables": 185000000, "otherCashflowsFromFinancingActivities": -38000000, "changeToNetincome": -196000000, "capitalExpenditures": -106000000}}}}, "FOXA": {"balance": {"annual": {"2022-06-30": {"intangibleAssets": 3678000000, "capitalSurplus": 9098000000, "totalLiab": 10622000000, "totalStockholderEquity": 11339000000, "minorityInterest": 224000000, "otherCurrentLiab": 895000000, "totalAssets": 22185000000, "commonStock": 6000000, "otherCurrentAssets": 953000000, "retainedEarnings": 2461000000, "otherLiab": 715000000, "goodWill": 3554000000, "treasuryStock": -226000000, "otherAssets": 3935000000, "cash": 5200000000, "totalCurrentLiabilities": 2296000000, "deferredLongTermAssetCharges": 3440000000, "otherStockholderEquity": -226000000, "propertyPlantEquipment": 2159000000, "totalCurrentAssets": 8281000000, "longTermInvestments": 578000000, "netTangibleAssets": 4107000000, "netReceivables": 2128000000, "longTermDebt": 7206000000, "accountsPayable": 302000000}, "2021-06-30": {"intangibleAssets": 3353000000, "capitalSurplus": 9453000000, "totalLiab": 11540000000, "totalStockholderEquity": 11123000000, "minorityInterest": 263000000, "otherCurrentLiab": 855000000, "totalAssets": 22926000000, "commonStock": 6000000, "otherCurrentAssets": 834000000, "retainedEarnings": 1982000000, "otherLiab": 927000000, "goodWill": 3435000000, "treasuryStock": -318000000, "otherAssets": 4313000000, "cash": 5886000000, "totalCurrentLiabilities": 3002000000, "deferredLongTermAssetCharges": 3822000000, "shortLongTermDebt": 749000000, "otherStockholderEquity": -318000000, "propertyPlantEquipment": 2177000000, "totalCurrentAssets": 8749000000, "longTermInvestments": 899000000, "netTangibleAssets": 4335000000, "netReceivables": 2029000000, "longTermDebt": 7202000000, "accountsPayable": 229000000}, "2020-06-30": {"intangibleAssets": 3400000000, "capitalSurplus": 9831000000, "totalLiab": 11334000000, "totalStockholderEquity": 10094000000, "minorityInterest": 322000000, "otherCurrentLiab": 637000000, "totalAssets": 21750000000, "commonStock": 6000000, "otherCurrentAssets": 953000000, "retainedEarnings": 674000000, "otherLiab": 1030000000, "goodWill": 3409000000, "treasuryStock": -417000000, "otherAssets": 4800000000, "cash": 4645000000, "totalCurrentLiabilities": 1906000000, "deferredLongTermAssetCharges": 4358000000, "otherStockholderEquity": -417000000, "propertyPlantEquipment": 2037000000, "totalCurrentAssets": 7486000000, "longTermInvestments": 618000000, "netTangibleAssets": 3285000000, "netReceivables": 1888000000, "longTermDebt": 7946000000, "accountsPayable": 240000000}, "2019-06-30": {"intangibleAssets": 3056000000, "capitalSurplus": 9891000000, "totalLiab": 9362000000, "totalStockholderEquity": 9947000000, "minorityInterest": 200000000, "otherCurrentLiab": 683000000, "totalAssets": 19509000000, "commonStock": 7000000, "otherCurrentAssets": 1277000000, "retainedEarnings": 357000000, "otherLiab": 899000000, "goodWill": 2691000000, "treasuryStock": -308000000, "otherAssets": 5106000000, "cash": 3234000000, "totalCurrentLiabilities": 1712000000, "deferredLongTermAssetCharges": 4651000000, "otherStockholderEquity": -308000000, "propertyPlantEquipment": 1313000000, "totalCurrentAssets": 6478000000, "longTermInvestments": 865000000, "netTangibleAssets": 4200000000, "netReceivables": 1967000000, "longTermDebt": 6751000000, "inventory": 1129000000, "accountsPayable": 194000000}}, "quarterly": {"2022-06-30": {"intangibleAssets": 3678000000, "capitalSurplus": 9098000000, "totalLiab": 10622000000, "totalStockholderEquity": 11339000000, "minorityInterest": 224000000, "otherCurrentLiab": 895000000, "totalAssets": 22185000000, "commonStock": 6000000, "otherCurrentAssets": 953000000, "retainedEarnings": 2461000000, "otherLiab": 715000000, "goodWill": 3554000000, "treasuryStock": -226000000, "otherAssets": 3935000000, "cash": 5200000000, "totalCurrentLiabilities": 2296000000, "deferredLongTermAssetCharges": 3440000000, "otherStockholderEquity": -226000000, "propertyPlantEquipment": 2159000000, "totalCurrentAssets": 8281000000, "longTermInvestments": 578000000, "netTangibleAssets": 4107000000, "netReceivables": 2128000000, "longTermDebt": 7206000000, "accountsPayable": 302000000}, "2022-03-31": {"intangibleAssets": 3663000000, "capitalSurplus": 9195000000, "totalLiab": 10623000000, "totalStockholderEquity": 11200000000, "minorityInterest": 193000000, "otherCurrentLiab": 931000000, "totalAssets": 22016000000, "commonStock": 6000000, "otherCurrentAssets": 944000000, "retainedEarnings": 2300000000, "otherLiab": 915000000, "goodWill": 3560000000, "treasuryStock": -301000000, "otherAssets": 4129000000, "cash": 4634000000, "totalCurrentLiabilities": 2121000000, "deferredLongTermAssetCharges": 3619000000, "otherStockholderEquity": -301000000, "propertyPlantEquipment": 2100000000, "totalCurrentAssets": 7916000000, "longTermInvestments": 648000000, "netTangibleAssets": 3977000000, "netReceivables": 2338000000, "longTermDebt": 7205000000, "accountsPayable": 221000000}, "2021-12-31": {"intangibleAssets": 3660000000, "capitalSurplus": 9265000000, "totalLiab": 11416000000, "totalStockholderEquity": 11275000000, "minorityInterest": 187000000, "otherCurrentLiab": 934000000, "totalAssets": 22878000000, "commonStock": 6000000, "otherCurrentAssets": 1307000000, "retainedEarnings": 2308000000, "otherLiab": 936000000, "goodWill": 3565000000, "treasuryStock": -304000000, "otherAssets": 4182000000, "cash": 4255000000, "totalCurrentLiabilities": 2870000000, "deferredLongTermAssetCharges": 3675000000, "shortLongTermDebt": 750000000, "otherStockholderEquity": -304000000, "propertyPlantEquipment": 2126000000, "totalCurrentAssets": 8514000000, "longTermInvestments": 831000000, "netTangibleAssets": 4050000000, "netReceivables": 2952000000, "longTermDebt": 7204000000, "accountsPayable": 231000000}, "2021-09-30": {"intangibleAssets": 3492000000, "capitalSurplus": 9327000000, "totalLiab": 11429000000, "totalStockholderEquity": 11430000000, "minorityInterest": 302000000, "otherCurrentLiab": 898000000, "totalAssets": 23161000000, "commonStock": 6000000, "otherCurrentAssets": 1272000000, "retainedEarnings": 2409000000, "otherLiab": 934000000, "goodWill": 3532000000, "treasuryStock": -312000000, "otherAssets": 4124000000, "cash": 5411000000, "totalCurrentLiabilities": 2869000000, "deferredLongTermAssetCharges": 3653000000, "shortLongTermDebt": 750000000, "otherStockholderEquity": -312000000, "propertyPlantEquipment": 2140000000, "totalCurrentAssets": 8875000000, "longTermInvestments": 998000000, "netTangibleAssets": 4406000000, "netReceivables": 2192000000, "longTermDebt": 7203000000, "accountsPayable": 284000000}}}, "income": {"annual": {"2022-06-30": {"researchDevelopment": null, "effectOfAccountingCharges": null, "incomeBeforeTax": 1694000000, "minorityInterest": 224000000, "netIncome": 1205000000, "sellingGeneralAdministrative": 1937000000, "grossProfit": 4857000000, "ebit": 2557000000, "operatingIncome": 2557000000, "otherOperatingExpenses": null, "interestExpense": -377000000, "extraordinaryItems": null, "nonRecurring": null, "otherItems": null, "incomeTaxExpense": 461000000, "totalRevenue": 13974000000, "totalOperatingExpenses": 11417000000, "costOfRevenue": 9117000000, "totalOtherIncomeExpenseNet": -863000000, "discontinuedOperations": null, "netIncomeFromContinuingOps": 1233000000, "netIncomeApplicableToCommonShares": 1205000000}, "2021-06-30": {"researchDevelopment": null, "effectOfAccountingCharges": null, "incomeBeforeTax": 2918000000, "minorityInterest": 263000000, "netIncome": 2150000000, "sellingGeneralAdministrative": 1836000000, "grossProfit": 4872000000, "ebit": 2736000000, "operatingIncome": 2736000000, "otherOperatingExpenses": null, "interestExpense": -395000000, "extraordinaryItems": null, "nonRecurring": null, "otherItems": null, "incomeTaxExpense": 717000000, "totalRevenue": 12909000000, "totalOperatingExpenses": 10173000000, "costOfRevenue": 8037000000, "totalOtherIncomeExpenseNet": 182000000, "discontinuedOperations": null, "netIncomeFromContinuingOps": 2201000000, "netIncomeApplicableToCommonShares": 2150000000}, "2020-06-30": {"researchDevelopment": null, "effectOfAccountingCharges": null, "incomeBeforeTax": 1464000000, "minorityInterest": 322000000, "netIncome": 999000000, "sellingGeneralAdministrative": 1758000000, "grossProfit": 4496000000, "ebit": 2480000000, "operatingIncome": 2480000000, "otherOperatingExpenses": null, "interestExpense": -369000000, "extraordinaryItems": null, "nonRecurring": null, "otherItems": null, "incomeTaxExpense": 402000000, "totalRevenue": 12303000000, "totalOperatingExpenses": 9823000000, "costOfRevenue": 7807000000, "totalOtherIncomeExpenseNet": -1016000000, "discontinuedOperations": null, "netIncomeFromContinuingOps": 1062000000, "netIncomeApplicableToCommonShares": 999000000}, "2019-06-30": {"researchDevelopment": null, "effectOfAccountingCharges": null, "incomeBeforeTax": 2224000000, "minorityInterest": 200000000, "netIncome": 1595000000, "sellingGeneralAdministrative": 1419000000, "grossProfit": 4062000000, "ebit": 2431000000, "operatingIncome": 2431000000, "otherOperatingExpenses": null, "interestExpense": -203000000, "extraordinaryItems": null, "nonRecurring": null, "otherItems": null, "incomeTaxExpense": 581000000, "totalRevenue": 11389000000, "totalOperatingExpenses": 8958000000, "costOfRevenue": 7327000000, "totalOtherIncomeExpenseNet": -207000000, "discontinuedOperations": null, "netIncomeFromContinuingOps": 1643000000, "netIncomeApplicableToCommonShares": 1595000000}}, "quarterly": {"2022-06-30": {"researchDevelopment": null, "effectOfAccountingCharges": null, "incomeBeforeTax": 447000000, "minorityInterest": 224000000, "netIncome": 306000000, "sellingGeneralAdministrative": 569000000, "grossProfit": 1318000000, "ebit": 650000000, "operatingIncome": 650000000, "otherOperatingExpenses": null, "interestExpense": -92000000, "extraordinaryItems": null, "nonRecurring": null, "otherItems": null, "incomeTaxExpense": 139000000, "totalRevenue": 3033000000, "totalOperatingExpenses": 2383000000, "costOfRevenue": 1715000000, "totalOtherIncomeExpenseNet": -203000000, "discontinuedOperations": null, "netIncomeFromContinuingOps": 308000000, "netIncomeApplicableToCommonShares": 306000000}, "2022-03-31": {"researchDevelopment": null, "effectOfAccountingCharges": null, "incomeBeforeTax": 390000000, "minorityInterest": 193000000, "netIncome": 283000000, "sellingGeneralAdministrative": 485000000, "grossProfit": 1291000000, "ebit": 714000000, "operatingIncome": 714000000, "otherOperatingExpenses": null, "interestExpense": -91000000, "extraordinaryItems": null, "nonRecurring": null, "otherItems": null, "incomeTaxExpense": 100000000, "totalRevenue": 3455000000, "totalOperatingExpenses": 2741000000, "costOfRevenue": 2164000000, "totalOtherIncomeExpenseNet": -324000000, "discontinuedOperations": null, "netIncomeFromContinuingOps": 290000000, "netIncomeApplicableToCommonShares": 283000000}, "2021-12-31": {"researchDevelopment": null, "effectOfAccountingCharges": null, "incomeBeforeTax": -95000000, "minorityInterest": 187000000, "netIncome": -85000000, "sellingGeneralAdministrative": 468000000, "grossProfit": 774000000, "ebit": 213000000, "operatingIncome": 213000000, "otherOperatingExpenses": null, "interestExpense": -97000000, "extraordinaryItems": null, "nonRecurring": null, "otherItems": null, "incomeTaxExpense": -22000000, "totalRevenue": 4441000000, "totalOperatingExpenses": 4228000000, "costOfRevenue": 3667000000, "totalOtherIncomeExpenseNet": -308000000, "discontinuedOperations": null, "netIncomeFromContinuingOps": -73000000, "netIncomeApplicableToCommonShares": -85000000}, "2021-09-30": {"researchDevelopment": null, "effectOfAccountingCharges": null, "incomeBeforeTax": 952000000, "minorityInterest": 302000000, "netIncome": 701000000, "sellingGeneralAdministrative": 415000000, "grossProfit": 1474000000, "ebit": 980000000, "operatingIncome": 980000000, "otherOperatingExpenses": null, "interestExpense": -97000000, "extraordinaryItems": null, "nonRecurring": null, "otherItems": null, "incomeTaxExpense": 244000000, "totalRevenue": 3045000000, "totalOperatingExpenses": 2065000000, "costOfRevenue": 1571000000, "totalOtherIncomeExpenseNet": -28000000, "discontinuedOperations": null, "netIncomeFromContinuingOps": 708000000, "netIncomeApplicableToCommonShares": 701000000}}}, "cash": {"annual": {"2022-06-30": {"investments": -28000000, "changeToLiabilities": -54000000, "totalCashflowsFromInvestingActivities": -513000000, "netBorrowings": -750000000, "totalCashFromFinancingActivities": -2057000000, "changeToOperatingActivities": -249000000, "netIncome": 1205000000, "changeInCash": -686000000, "repurchaseOfStock": -1000000000, "totalCashFromOperatingActivities": 1884000000, "depreciation": 381000000, "otherCashflowsFromInvestingActivities": -18000000, "dividendsPaid": -307000000, "changeToInventory": -301000000, "changeToAccountReceivables": -79000000, "changeToNetincome": 981000000, "capitalExpenditures": -307000000}, "2021-06-30": {"investments": -86000000, "changeToLiabilities": 282000000, "totalCashflowsFromInvestingActivities": -528000000, "netBorrowings": -750000000, "totalCashFromFinancingActivities": -870000000, "changeToOperatingActivities": -224000000, "netIncome": 2150000000, "changeInCash": 1241000000, "repurchaseOfStock": -1001000000, "totalCashFromOperatingActivities": 2639000000, "depreciation": 322000000, "otherCashflowsFromInvestingActivities": -18000000, "dividendsPaid": -330000000, "changeToInventory": 190000000, "changeToAccountReceivables": -269000000, "otherCashflowsFromFinancingActivities": 461000000, "changeToNetincome": 188000000, "capitalExpenditures": -484000000}, "2020-06-30": {"investments": 246000000, "changeToLiabilities": -87000000, "totalCashflowsFromInvestingActivities": -1100000000, "netBorrowings": 1191000000, "totalCashFromFinancingActivities": 146000000, "changeToOperatingActivities": -98000000, "netIncome": 999000000, "changeInCash": 1411000000, "repurchaseOfStock": -600000000, "totalCashFromOperatingActivities": 2365000000, "depreciation": 282000000, "otherCashflowsFromInvestingActivities": 14000000, "dividendsPaid": -335000000, "changeToInventory": 181000000, "changeToAccountReceivables": 224000000, "otherCashflowsFromFinancingActivities": -110000000, "changeToNetincome": 864000000, "capitalExpenditures": -359000000}, "2019-06-30": {"investments": -338000000, "changeToLiabilities": 231000000, "totalCashflowsFromInvestingActivities": -637000000, "netBorrowings": 6750000000, "totalCashFromFinancingActivities": -1153000000, "changeToOperatingActivities": -98000000, "netIncome": 1595000000, "changeInCash": 734000000, "repurchaseOfStock": -600000000, "totalCashFromOperatingActivities": 2524000000, "depreciation": 250000000, "otherCashflowsFromInvestingActivities": -64000000, "dividendsPaid": -188000000, "changeToInventory": 197000000, "changeToAccountReceivables": -166000000, "otherCashflowsFromFinancingActivities": -7715000000, "changeToNetincome": 515000000, "capitalExpenditures": -235000000}}, "quarterly": {"2022-06-30": {"changeToLiabilities": 151000000, "totalCashflowsFromInvestingActivities": -127000000, "totalCashFromFinancingActivities": -240000000, "changeToOperatingActivities": -22000000, "netIncome": 306000000, "changeInCash": 566000000, "repurchaseOfStock": -252000000, "totalCashFromOperatingActivities": 933000000, "depreciation": 103000000, "otherCashflowsFromInvestingActivities": -12000000, "dividendsPaid": -12000000, "changeToInventory": -145000000, "changeToAccountReceivables": 230000000, "otherCashflowsFromFinancingActivities": 24000000, "changeToNetincome": 310000000, "capitalExpenditures": -116000000}, "2022-03-31": {"changeToLiabilities": 9000000, "totalCashflowsFromInvestingActivities": -90000000, "netBorrowings": -750000000, "totalCashFromFinancingActivities": -1138000000, "changeToOperatingActivities": -71000000, "netIncome": 283000000, "changeInCash": 379000000, "repurchaseOfStock": -251000000, "totalCashFromOperatingActivities": 1607000000, "depreciation": 97000000, "otherCashflowsFromInvestingActivities": -6000000, "dividendsPaid": -145000000, "changeToInventory": 338000000, "changeToAccountReceivables": 631000000, "otherCashflowsFromFinancingActivities": 8000000, "changeToNetincome": 320000000, "capitalExpenditures": -70000000}, "2021-12-31": {"investments": 1000000, "changeToLiabilities": -43000000, "totalCashflowsFromInvestingActivities": -221000000, "netBorrowings": -750000000, "totalCashFromFinancingActivities": -250000000, "changeToOperatingActivities": -123000000, "netIncome": -85000000, "changeInCash": -1156000000, "repurchaseOfStock": -247000000, "totalCashFromOperatingActivities": -685000000, "depreciation": 97000000, "otherCashflowsFromInvestingActivities": -6000000, "dividendsPaid": -145000000, "changeToInventory": 5000000, "changeToAccountReceivables": -766000000, "otherCashflowsFromFinancingActivities": -3000000, "changeToNetincome": 230000000, "capitalExpenditures": -68000000}, "2021-09-30": {"investments": -29000000, "changeToLiabilities": -171000000, "totalCashflowsFromInvestingActivities": -75000000, "netBorrowings": -750000000, "totalCashFromFinancingActivities": -429000000, "changeToOperatingActivities": -33000000, "netIncome": 701000000, "changeInCash": -475000000, "repurchaseOfStock": -250000000, "totalCashFromOperatingActivities": 29000000, "depreciation": 84000000, "otherCashflowsFromInvestingActivities": -6000000, "dividendsPaid": -150000000, "changeToInventory": -499000000, "changeToAccountReceivables": -174000000, "otherCashflowsFromFinancingActivities": -29000000, "changeToNetincome": 121000000, "capitalExpenditures": -53000000}}}}, "PARA": {"balance": {"annual": {"2021-12-31": {"intangibleAssets": 16130000000, "capitalSurplus": 32918000000, "totalLiab": 35543000000, "totalStockholderEquity": 22402000000, "minorityInterest": 675000000, "otherCurrentLiab": 6020000000, "totalAssets": 58620000000, "commonStock": 1000000, "otherCurrentAssets": 2249000000, "retainedEarnings": 14343000000, "otherLiab": 6768000000, "goodWill": 16584000000, "treasuryStock": -24860000000, "otherAssets": 5237000000, "cash": 6267000000, "totalCurrentLiabilities": 9479000000, "deferredLongTermAssetCharges": 1206000000, "otherStockholderEquity": -1902000000, "propertyPlantEquipment": 3366000000, "totalCurrentAssets": 16676000000, "longTermInvestments": 627000000, "netTangibleAssets": -10312000000, "netReceivables": 6984000000, "longTermDebt": 17693000000, "accountsPayable": 800000000}, "2020-12-31": {"intangibleAssets": 13189000000, "capitalSurplus": 29785000000, "totalLiab": 36410000000, "totalStockholderEquity": 15371000000, "minorityInterest": 882000000, "otherCurrentLiab": 5689000000, "totalAssets": 52663000000, "commonStock": 1000000, "otherCurrentAssets": 2387000000, "retainedEarnings": 10375000000, "otherLiab": 6814000000, "goodWill": 16612000000, "treasuryStock": -24790000000, "otherAssets": 4886000000, "cash": 2984000000, "totalCurrentLiabilities": 8296000000, "deferredLongTermAssetCharges": 993000000, "otherStockholderEquity": -1832000000, "propertyPlantEquipment": 3596000000, "totalCurrentAssets": 13779000000, "longTermInvestments": 601000000, "netTangibleAssets": -14430000000, "netReceivables": 7017000000, "longTermDebt": 19707000000, "accountsPayable": 571000000}, "2019-12-31": {"intangibleAssets": 11642000000, "capitalSurplus": 29590000000, "totalLiab": 36042000000, "totalStockholderEquity": 13207000000, "minorityInterest": 336000000, "otherCurrentLiab": 5681000000, "totalAssets": 49585000000, "commonStock": 1000000, "otherCurrentAssets": 4034000000, "retainedEarnings": 8494000000, "otherLiab": 7287000000, "goodWill": 16545000000, "treasuryStock": -24878000000, "otherAssets": 4960000000, "cash": 632000000, "totalCurrentLiabilities": 9048000000, "deferredLongTermAssetCharges": 938000000, "otherStockholderEquity": -1970000000, "propertyPlantEquipment": 3783000000, "totalCurrentAssets": 11902000000, "longTermInvestments": 753000000, "netTangibleAssets": -14980000000, "netReceivables": 6837000000, "longTermDebt": 17977000000, "accountsPayable": 632000000}, "2018-12-31": {"intangibleAssets": 10241000000, "capitalSurplus": 49907000000, "totalLiab": 33755000000, "totalStockholderEquity": 10449000000, "minorityInterest": 293000000, "otherCurrentLiab": 5173000000, "totalAssets": 44497000000, "commonStock": 1000000, "otherCurrentAssets": 3453000000, "retainedEarnings": 5569000000, "otherLiab": 7334000000, "goodWill": 16526000000, "treasuryStock": -45028000000, "otherAssets": 3052000000, "cash": 856000000, "totalCurrentLiabilities": 8321000000, "deferredLongTermAssetCharges": 266000000, "shortLongTermDebt": 310000000, "otherStockholderEquity": -1608000000, "propertyPlantEquipment": 2079000000, "totalCurrentAssets": 11880000000, "longTermInvestments": 719000000, "netTangibleAssets": -16318000000, "netReceivables": 7199000000, "longTermDebt": 18060000000, "accountsPayable": 502000000}}, "quarterly": {"2022-06-30": {"intangibleAssets": 17047000000, "capitalSurplus": 32984000000, "totalLiab": 33573000000, "totalStockholderEquity": 22776000000, "minorityInterest": 612000000, "otherCurrentLiab": 6638000000, "totalAssets": 56961000000, "commonStock": 1000000, "otherCurrentAssets": 1963000000, "retainedEarnings": 14829000000, "otherLiab": 6650000000, "goodWill": 16498000000, "treasuryStock": -25038000000, "otherAssets": 5918000000, "cash": 4037000000, "totalCurrentLiabilities": 9636000000, "deferredLongTermAssetCharges": 1258000000, "shortLongTermDebt": 20000000, "otherStockholderEquity": -2080000000, "propertyPlantEquipment": 3249000000, "totalCurrentAssets": 14182000000, "longTermInvestments": 67000000, "netTangibleAssets": -10769000000, "netReceivables": 6959000000, "longTermDebt": 15773000000, "accountsPayable": 853000000}, "2022-03-31": {"longTermInvestments": 58000000, "otherAssets": 5810000000, "longTermDebt": 16792000000}, "2021-12-31": {"intangibleAssets": 16130000000, "capitalSurplus": 32918000000, "totalLiab": 35543000000, "totalStockholderEquity": 22402000000, "minorityInterest": 675000000, "otherCurrentLiab": 6020000000, "totalAssets": 58620000000, "commonStock": 1000000, "otherCurrentAssets": 2249000000, "retainedEarnings": 14343000000, "otherLiab": 6768000000, "goodWill": 16584000000, "treasuryStock": -24860000000, "otherAssets": 5237000000, "cash": 6267000000, "totalCurrentLiabilities": 9479000000, "deferredLongTermAssetCharges": 1206000000, "otherStockholderEquity": -1902000000, "propertyPlantEquipment": 3366000000, "totalCurrentAssets": 16676000000, "longTermInvestments": 627000000, "netTangibleAssets": -10312000000, "netReceivables": 6984000000, "longTermDebt": 17693000000, "accountsPayable": 800000000}, "2021-09-30": {"intangibleAssets": 15354000000, "capitalSurplus": 32943000000, "totalLiab": 34740000000, "totalStockholderEquity": 20559000000, "minorityInterest": 613000000, "otherCurrentLiab": 6193000000, "totalAssets": 55912000000, "commonStock": 1000000, "otherCurrentAssets": 2188000000, "retainedEarnings": 12456000000, "otherLiab": 6606000000, "goodWill": 16582000000, "treasuryStock": -24841000000, "otherAssets": 5801000000, "cash": 4823000000, "totalCurrentLiabilities": 8913000000, "deferredLongTermAssetCharges": 1221000000, "otherStockholderEquity": -1883000000, "propertyPlantEquipment": 3320000000, "totalCurrentAssets": 14798000000, "longTermInvestments": 57000000, "netTangibleAssets": -11377000000, "netReceivables": 6560000000, "longTermDebt": 17685000000, "accountsPayable": 827000000}}}, "income": {"annual": {"2021-12-31": {"researchDevelopment": null, "effectOfAccountingCharges": null, "incomeBeforeTax": 5115000000, "minorityInterest": 675000000, "netIncome": 4543000000, "sellingGeneralAdministrative": 6451000000, "grossProfit": 10842000000, "ebit": 4001000000, "operatingIncome": 4001000000, "otherOperatingExpenses": null, "interestExpense": -986000000, "extraordinaryItems": null, "nonRecurring": null, "otherItems": null, "incomeTaxExpense": 646000000, "totalRevenue": 28586000000, "totalOperatingExpenses": 24585000000, "costOfRevenue": 17744000000, "totalOtherIncomeExpenseNet": 1114000000, "discontinuedOperations": 162000000, "netIncomeFromContinuingOps": 4469000000, "netIncomeApplicableToCommonShares": 4499000000}, "2020-12-31": {"researchDevelopment": null, "effectOfAccountingCharges": null, "incomeBeforeTax": 3119000000, "minorityInterest": 882000000, "netIncome": 2422000000, "sellingGeneralAdministrative": 5389000000, "grossProfit": 10452000000, "ebit": 4665000000, "operatingIncome": 4665000000, "otherOperatingExpenses": 5000000, "interestExpense": -1031000000, "extraordinaryItems": null, "nonRecurring": null, "otherItems": null, "incomeTaxExpense": 535000000, "totalRevenue": 25285000000, "totalOperatingExpenses": 20620000000, "costOfRevenue": 14833000000, "totalOtherIncomeExpenseNet": -1546000000, "discontinuedOperations": 117000000, "netIncomeFromContinuingOps": 2584000000, "netIncomeApplicableToCommonShares": 2422000000}, "2019-12-31": {"researchDevelopment": null, "effectOfAccountingCharges": null, "incomeBeforeTax": 3170000000, "minorityInterest": 336000000, "netIncome": 3308000000, "sellingGeneralAdministrative": 5580000000, "grossProfit": 10874000000, "ebit": 4876000000, "operatingIncome": 4876000000, "otherOperatingExpenses": 5000000, "interestExpense": -962000000, "extraordinaryItems": null, "nonRecurring": null, "otherItems": null, "incomeTaxExpense": -29000000, "totalRevenue": 26998000000, "totalOperatingExpenses": 22122000000, "costOfRevenue": 16124000000, "totalOtherIncomeExpenseNet": -1706000000, "discontinuedOperations": 140000000, "netIncomeFromContinuingOps": 3199000000, "netIncomeApplicableToCommonShares": 3308000000}, "2018-12-31": {"researchDevelopment": null, "effectOfAccountingCharges": null, "incomeBeforeTax": 3937000000, "minorityInterest": 293000000, "netIncome": 3455000000, "sellingGeneralAdministrative": 5113000000, "grossProfit": 11026000000, "ebit": 5486000000, "operatingIncome": 5486000000, "otherOperatingExpenses": 5000000, "interestExpense": -1030000000, "extraordinaryItems": null, "nonRecurring": null, "otherItems": null, "incomeTaxExpense": 580000000, "totalRevenue": 26425000000, "totalOperatingExpenses": 20939000000, "costOfRevenue": 15399000000, "totalOtherIncomeExpenseNet": -1549000000, "discontinuedOperations": 135000000, "netIncomeFromContinuingOps": 3357000000, "netIncomeApplicableToCommonShares": 3455000000}}, "quarterly": {"2022-06-30": {"researchDevelopment": null, "effectOfAccountingCharges": null, "incomeBeforeTax": 490000000, "minorityInterest": 612000000, "netIncome": 419000000, "sellingGeneralAdministrative": 1726000000, "grossProfit": 2673000000, "ebit": 853000000, "operatingIncome": 853000000, "otherOperatingExpenses": null, "interestExpense": -230000000, "extraordinaryItems": null, "nonRecurring": null, "otherItems": null, "incomeTaxExpense": 129000000, "totalRevenue": 7779000000, "totalOperatingExpenses": 6926000000, "costOfRevenue": 5106000000, "totalOtherIncomeExpenseNet": -363000000, "discontinuedOperations": 61000000, "netIncomeFromContinuingOps": 361000000, "netIncomeApplicableToCommonShares": 405000000}, "2022-03-31": {"researchDevelopment": null, "effectOfAccountingCharges": null, "incomeBeforeTax": 490000000, "minorityInterest": 612000000, "netIncome": 0, "sellingGeneralAdministrative": 1636000000, "grossProfit": 0, "ebit": 800000000, "operatingIncome": 800000000, "otherOperatingExpenses": null, "interestExpense": -230000000, "extraordinaryItems": null, "nonRecurring": null, "otherItems": null, "incomeTaxExpense": 0, "totalRevenue": 0, "totalOperatingExpenses": 6528000000, "costOfRevenue": 0, "totalOtherIncomeExpenseNet": -33000000, "discontinuedOperations": 61000000, "netIncomeFromContinuingOps": 0, "netIncomeApplicableToCommonShares": 419000000}, "2021-12-31": {"researchDevelopment": null, "effectOfAccountingCharges": null, "incomeBeforeTax": 2406000000, "minorityInterest": 675000000, "netIncome": 2058000000, "sellingGeneralAdministrative": 2002000000, "grossProfit": 2548000000, "ebit": 445000000, "operatingIncome": 445000000, "otherOperatingExpenses": null, "interestExpense": -241000000, "extraordinaryItems": null, "nonRecurring": null, "otherItems": null, "incomeTaxExpense": 334000000, "totalRevenue": 8000000000, "totalOperatingExpenses": 7555000000, "costOfRevenue": 5452000000, "totalOtherIncomeExpenseNet": 1961000000, "discontinuedOperations": 36000000, "netIncomeFromContinuingOps": 2072000000, "netIncomeApplicableToCommonShares": 2044000000}, "2021-09-30": {"researchDevelopment": null, "effectOfAccountingCharges": null, "incomeBeforeTax": 598000000, "minorityInterest": 613000000, "netIncome": 538000000, "sellingGeneralAdministrative": 1546000000, "grossProfit": 2546000000, "ebit": 905000000, "operatingIncome": 905000000, "otherOperatingExpenses": null, "interestExpense": -243000000, "extraordinaryItems": null, "nonRecurring": null, "otherItems": null, "incomeTaxExpense": 120000000, "totalRevenue": 6610000000, "totalOperatingExpenses": 5705000000, "costOfRevenue": 4064000000, "totalOtherIncomeExpenseNet": -307000000, "discontinuedOperations": 73000000, "netIncomeFromContinuingOps": 478000000, "netIncomeApplicableToCommonShares": 524000000}}}, "cash": {"annual": {"2021-12-31": {"investments": -193000000, "changeToLiabilities": 760000000, "totalCashflowsFromInvestingActivities": 2395000000, "netBorrowings": -2230000000, "totalCashFromFinancingActivities": -152000000, "changeToOperatingActivities": -112000000, "issuanceOfStock": 2080000000, "netIncome": 4543000000, "changeInCash": 3148000000, "repurchaseOfStock": -110000000, "effectOfExchangeRate": -48000000, "totalCashFromOperatingActivities": 953000000, "depreciation": 390000000, "otherCashflowsFromInvestingActivities": -32000000, "dividendsPaid": -647000000, "changeToInventory": -16584000000, "changeToAccountReceivables": 179000000, "otherCashflowsFromFinancingActivities": -228000000, "changeToNetincome": -1840000000, "capitalExpenditures": -354000000}, "2020-12-31": {"investments": 50000000, "changeToLiabilities": 188000000, "totalCashflowsFromInvestingActivities": 56000000, "netBorrowings": 768000000, "totalCashFromFinancingActivities": -90000000, "changeToOperatingActivities": 68000000, "issuanceOfStock": 5000000, "netIncome": 2422000000, "changeInCash": 2285000000, "repurchaseOfStock": -151000000, "effectOfExchangeRate": 25000000, "totalCashFromOperatingActivities": 2294000000, "depreciation": 393000000, "otherCashflowsFromInvestingActivities": -7000000, "dividendsPaid": -600000000, "changeToInventory": -12170000000, "changeToAccountReceivables": -68000000, "otherCashflowsFromFinancingActivities": -112000000, "changeToNetincome": 414000000, "capitalExpenditures": -324000000}, "2019-12-31": {"investments": -171000000, "changeToLiabilities": 302000000, "totalCashflowsFromInvestingActivities": -155000000, "netBorrowings": -393000000, "totalCashFromFinancingActivities": -1216000000, "changeToOperatingActivities": 19000000, "issuanceOfStock": 15000000, "netIncome": 3308000000, "changeInCash": -142000000, "repurchaseOfStock": -113000000, "effectOfExchangeRate": -1000000, "totalCashFromOperatingActivities": 1230000000, "depreciation": 418000000, "otherCashflowsFromInvestingActivities": 4000000, "dividendsPaid": -595000000, "changeToInventory": -14215000000, "changeToAccountReceivables": -247000000, "otherCashflowsFromFinancingActivities": -130000000, "changeToNetincome": -1085000000, "capitalExpenditures": -345000000}, "2018-12-31": {"investments": -161000000, "changeToLiabilities": -145000000, "totalCashflowsFromInvestingActivities": -611000000, "netBorrowings": -1107000000, "totalCashFromFinancingActivities": -2531000000, "changeToOperatingActivities": -39000000, "issuanceOfStock": 29000000, "netIncome": 3455000000, "changeInCash": 297000000, "repurchaseOfStock": -653000000, "effectOfExchangeRate": -25000000, "totalCashFromOperatingActivities": 3464000000, "depreciation": 427000000, "otherCashflowsFromInvestingActivities": -26000000, "dividendsPaid": -599000000, "changeToInventory": -12185000000, "changeToAccountReceivables": -389000000, "otherCashflowsFromFinancingActivities": -201000000, "changeToNetincome": 366000000, "capitalExpenditures": -345000000}}, "quarterly": {"2022-06-30": {"investments": -82000000, "changeToLiabilities": 0, "totalCashflowsFromInvestingActivities": -178000000, "netBorrowings": -1049000000, "totalCashFromFinancingActivities": -1227000000, "changeToOperatingActivities": -398000000, "netIncome": 419000000, "changeInCash": -1265000000, "repurchaseOfStock": -4000000, "effectOfExchangeRate": -54000000, "totalCashFromOperatingActivities": 194000000, "depreciation": 94000000, "otherCashflowsFromInvestingActivities": -2000000, "dividendsPaid": -172000000, "otherCashflowsFromFinancingActivities": -2000000, "changeToNetincome": 79000000, "capitalExpenditures": -99000000}, "2022-03-31": {"investments": -82000000, "changeToLiabilities": 0, "totalCashflowsFromInvestingActivities": -178000000, "netBorrowings": -1049000000, "totalCashFromFinancingActivities": -1227000000, "changeToOperatingActivities": -398000000, "netIncome": 0, "changeInCash": -1265000000, "repurchaseOfStock": -4000000, "effectOfExchangeRate": -54000000, "totalCashFromOperatingActivities": 194000000, "depreciation": 94000000, "otherCashflowsFromInvestingActivities": -2000000, "dividendsPaid": -172000000, "otherCashflowsFromFinancingActivities": -2000000, "changeToNetincome": 137000000, "capitalExpenditures": -99000000}, "2021-12-31": {"investments": -46000000, "changeToLiabilities": 760000000, "totalCashflowsFromInvestingActivities": 2411000000, "netBorrowings": -10000000, "totalCashFromFinancingActivities": -253000000, "changeToOperatingActivities": 1224000000, "netIncome": 2058000000, "changeInCash": 1441000000, "repurchaseOfStock": -55000000, "effectOfExchangeRate": -18000000, "totalCashFromOperatingActivities": -699000000, "depreciation": 101000000, "otherCashflowsFromInvestingActivities": -3000000, "dividendsPaid": -174000000, "changeToInventory": -16584000000, "changeToAccountReceivables": 179000000, "otherCashflowsFromFinancingActivities": -14000000, "changeToNetincome": -2054000000, "capitalExpenditures": -123000000}, "2021-09-30": {"investments": -33000000, "changeToLiabilities": 0, "totalCashflowsFromInvestingActivities": -145000000, "netBorrowings": -20000000, "totalCashFromFinancingActivities": -250000000, "changeToOperatingActivities": -912000000, "netIncome": 538000000, "changeInCash": -556000000, "repurchaseOfStock": -6000000, "effectOfExchangeRate": -22000000, "totalCashFromOperatingActivities": -139000000, "depreciation": 95000000, "otherCashflowsFromInvestingActivities": -2000000, "dividendsPaid": -171000000, "changeToInventory": -16584000000, "changeToAccountReceivables": 179000000, "otherCashflowsFromFinancingActivities": -53000000, "changeToNetincome": 140000000, "capitalExpenditures": -93000000}}}}, "LUMN": {"balance": {"annual": {"2021-12-31": {"intangibleAssets": 6970000000, "capitalSurplus": 18972000000, "totalLiab": 46153000000, "totalStockholderEquity": 11840000000, "otherCurrentLiab": 3334000000, "totalAssets": 57993000000, "commonStock": 1024000000, "otherCurrentAssets": 9068000000, "retainedEarnings": -5998000000, "otherLiab": 10385000000, "goodWill": 15986000000, "treasuryStock": -2158000000, "otherAssets": 1155000000, "cash": 354000000, "totalCurrentLiabilities": 7169000000, "deferredLongTermAssetCharges": 160000000, "shortLongTermDebt": 1535000000, "otherStockholderEquity": -2158000000, "propertyPlantEquipment": 22346000000, "totalCurrentAssets": 11536000000, "netTangibleAssets": -11116000000, "netReceivables": 1723000000, "longTermDebt": 27177000000, "inventory": 96000000, "accountsPayable": 758000000}, "2020-12-31": {"intangibleAssets": 8219000000, "capitalSurplus": 20909000000, "totalLiab": 48232000000, "totalStockholderEquity": 11162000000, "otherCurrentLiab": 1395000000, "totalAssets": 59394000000, "commonStock": 1097000000, "otherCurrentAssets": 340000000, "retainedEarnings": -8031000000, "otherLiab": 10783000000, "goodWill": 18870000000, "treasuryStock": -2813000000, "otherAssets": 1092000000, "cash": 406000000, "totalCurrentLiabilities": 6634000000, "deferredLongTermAssetCharges": 191000000, "shortLongTermDebt": 2401000000, "otherStockholderEquity": -2813000000, "propertyPlantEquipment": 28037000000, "totalCurrentAssets": 3176000000, "netTangibleAssets": -15927000000, "netReceivables": 2035000000, "longTermDebt": 29143000000, "inventory": 105000000, "accountsPayable": 1134000000}, "2019-12-31": {"intangibleAssets": 9567000000, "capitalSurplus": 21874000000, "totalLiab": 51272000000, "totalStockholderEquity": 13470000000, "deferredLongTermLiab": 254000000, "otherCurrentLiab": 1501000000, "totalAssets": 64742000000, "commonStock": 1090000000, "otherCurrentAssets": 363000000, "retainedEarnings": -6814000000, "otherLiab": 10278000000, "goodWill": 21534000000, "treasuryStock": -2680000000, "otherAssets": 1108000000, "cash": 1690000000, "totalCurrentLiabilities": 7258000000, "shortLongTermDebt": 2265000000, "otherStockholderEquity": -2680000000, "propertyPlantEquipment": 27765000000, "totalCurrentAssets": 4768000000, "netTangibleAssets": -17631000000, "netReceivables": 2336000000, "longTermDebt": 32209000000, "inventory": 105000000, "accountsPayable": 1724000000}, "2018-12-31": {"intangibleAssets": 10779000000, "capitalSurplus": 22852000000, "totalLiab": 50428000000, "totalStockholderEquity": 19828000000, "deferredLongTermLiab": 260000000, "otherCurrentLiab": 1481000000, "totalAssets": 70256000000, "commonStock": 1080000000, "otherCurrentAssets": 373000000, "retainedEarnings": -1643000000, "otherLiab": 9488000000, "goodWill": 28031000000, "treasuryStock": -2461000000, "otherAssets": 1068000000, "cash": 488000000, "totalCurrentLiabilities": 5531000000, "shortLongTermDebt": 614000000, "otherStockholderEquity": -2461000000, "propertyPlantEquipment": 26408000000, "totalCurrentAssets": 3820000000, "longTermInvestments": 150000000, "netTangibleAssets": -18982000000, "netReceivables": 2532000000, "longTermDebt": 35213000000, "inventory": 120000000, "accountsPayable": 1933000000}}, "quarterly": {"2022-06-30": {"intangibleAssets": 6628000000, "capitalSurplus": 18459000000, "totalLiab": 45456000000, "totalStockholderEquity": 12219000000, "deferredLongTermLiab": 156000000, "otherCurrentLiab": 3214000000, "totalAssets": 57675000000, "commonStock": 1032000000, "otherCurrentAssets": 9345000000, "retainedEarnings": -5055000000, "otherLiab": 11710000000, "goodWill": 15947000000, "treasuryStock": -2217000000, "otherAssets": 2590000000, "cash": 360000000, "totalCurrentLiabilities": 5781000000, "shortLongTermDebt": 156000000, "otherStockholderEquity": -2217000000, "propertyPlantEquipment": 20720000000, "totalCurrentAssets": 11790000000, "netTangibleAssets": -10356000000, "netReceivables": 1529000000, "longTermDebt": 27630000000, "inventory": 151000000, "accountsPayable": 1053000000}, "2022-03-31": {"intangibleAssets": 6785000000, "capitalSurplus": 18695000000, "totalLiab": 45755000000, "totalStockholderEquity": 12282000000, "deferredLongTermLiab": 156000000, "otherCurrentLiab": 3320000000, "totalAssets": 58037000000, "commonStock": 1033000000, "otherCurrentAssets": 9282000000, "retainedEarnings": -5399000000, "otherLiab": 11703000000, "goodWill": 15976000000, "treasuryStock": -2047000000, "otherAssets": 2675000000, "cash": 366000000, "totalCurrentLiabilities": 5655000000, "shortLongTermDebt": 156000000, "otherStockholderEquity": -2047000000, "propertyPlantEquipment": 20829000000, "totalCurrentAssets": 11772000000, "netTangibleAssets": -10479000000, "netReceivables": 1586000000, "longTermDebt": 28054000000, "inventory": 128000000, "accountsPayable": 902000000}, "2021-12-31": {"intangibleAssets": 6970000000, "capitalSurplus": 18972000000, "totalLiab": 46153000000, "totalStockholderEquity": 11840000000, "otherCurrentLiab": 3334000000, "totalAssets": 57993000000, "commonStock": 1024000000, "otherCurrentAssets": 9068000000, "retainedEarnings": -5998000000, "otherLiab": 10385000000, "goodWill": 15986000000, "treasuryStock": -2158000000, "otherAssets": 1155000000, "cash": 354000000, "totalCurrentLiabilities": 7169000000, "deferredLongTermAssetCharges": 160000000, "shortLongTermDebt": 1535000000, "otherStockholderEquity": -2158000000, "propertyPlantEquipment": 22346000000, "totalCurrentAssets": 11536000000, "netTangibleAssets": -11116000000, "netReceivables": 1723000000, "longTermDebt": 27177000000, "inventory": 96000000, "accountsPayable": 758000000}, "2021-09-30": {"intangibleAssets": 7160000000, "capitalSurplus": 19235000000, "totalLiab": 47125000000, "totalStockholderEquity": 11183000000, "deferredLongTermLiab": 166000000, "otherCurrentLiab": 3479000000, "totalAssets": 58308000000, "commonStock": 1031000000, "otherCurrentAssets": 8952000000, "retainedEarnings": -6506000000, "otherLiab": 11565000000, "goodWill": 15987000000, "treasuryStock": -2577000000, "otherAssets": 2534000000, "cash": 635000000, "totalCurrentLiabilities": 8300000000, "shortLongTermDebt": 2501000000, "otherStockholderEquity": -2577000000, "propertyPlantEquipment": 20926000000, "totalCurrentAssets": 11701000000, "netTangibleAssets": -11964000000, "netReceivables": 1717000000, "longTermDebt": 26908000000, "inventory": 103000000, "accountsPayable": 829000000}}}, "income": {"annual": {"2021-12-31": {"researchDevelopment": null, "effectOfAccountingCharges": null, "incomeBeforeTax": 2701000000, "minorityInterest": null, "netIncome": 2033000000, "sellingGeneralAdministrative": 3181000000, "grossProfit": 11199000000, "ebit": 4020000000, "operatingIncome": 4020000000, "otherOperatingExpenses": null, "interestExpense": -1522000000, "extraordinaryItems": null, "nonRecurring": null, "otherItems": null, "incomeTaxExpense": 668000000, "totalRevenue": 19687000000, "totalOperatingExpenses": 15667000000, "costOfRevenue": 8488000000, "totalOtherIncomeExpenseNet": -1319000000, "discontinuedOperations": null, "netIncomeFromContinuingOps": 2033000000, "netIncomeApplicableToCommonShares": 2033000000}, "2020-12-31": {"researchDevelopment": null, "effectOfAccountingCharges": null, "incomeBeforeTax": -782000000, "minorityInterest": null, "netIncome": -1232000000, "sellingGeneralAdministrative": 3323000000, "grossProfit": 11778000000, "ebit": 3745000000, "operatingIncome": 3745000000, "otherOperatingExpenses": null, "interestExpense": -1668000000, "extraordinaryItems": null, "nonRecurring": null, "otherItems": null, "incomeTaxExpense": 450000000, "totalRevenue": 20712000000, "totalOperatingExpenses": 16967000000, "costOfRevenue": 8934000000, "totalOtherIncomeExpenseNet": -4527000000, "discontinuedOperations": null, "netIncomeFromContinuingOps": -1232000000, "netIncomeApplicableToCommonShares": -1232000000}, "2019-12-31": {"researchDevelopment": null, "effectOfAccountingCharges": null, "incomeBeforeTax": -4766000000, "minorityInterest": null, "netIncome": -5269000000, "sellingGeneralAdministrative": 3557000000, "grossProfit": 12324000000, "ebit": 3938000000, "operatingIncome": 3938000000, "otherOperatingExpenses": null, "interestExpense": -2021000000, "extraordinaryItems": null, "nonRecurring": null, "otherItems": null, "incomeTaxExpense": 503000000, "totalRevenue": 21458000000, "totalOperatingExpenses": 17520000000, "costOfRevenue": 9134000000, "totalOtherIncomeExpenseNet": -8704000000, "discontinuedOperations": null, "netIncomeFromContinuingOps": -5269000000, "netIncomeApplicableToCommonShares": -5269000000}, "2018-12-31": {"researchDevelopment": null, "effectOfAccountingCharges": null, "incomeBeforeTax": -1563000000, "minorityInterest": null, "netIncome": -1733000000, "sellingGeneralAdministrative": 4165000000, "grossProfit": 12581000000, "ebit": 3296000000, "operatingIncome": 3296000000, "otherOperatingExpenses": null, "interestExpense": -2177000000, "extraordinaryItems": null, "nonRecurring": null, "otherItems": null, "incomeTaxExpense": 170000000, "totalRevenue": 22580000000, "totalOperatingExpenses": 19284000000, "costOfRevenue": 9999000000, "totalOtherIncomeExpenseNet": -4859000000, "discontinuedOperations": null, "netIncomeFromContinuingOps": -1733000000, "netIncomeApplicableToCommonShares": -1733000000}}, "quarterly": {"2022-06-30": {"researchDevelopment": null, "effectOfAccountingCharges": null, "incomeBeforeTax": 453000000, "minorityInterest": null, "netIncome": 344000000, "sellingGeneralAdministrative": 808000000, "grossProfit": 2554000000, "ebit": 919000000, "operatingIncome": 919000000, "otherOperatingExpenses": null, "interestExpense": -337000000, "extraordinaryItems": null, "nonRecurring": null, "otherItems": null, "incomeTaxExpense": 109000000, "totalRevenue": 4612000000, "totalOperatingExpenses": 3693000000, "costOfRevenue": 2058000000, "totalOtherIncomeExpenseNet": -466000000, "discontinuedOperations": null, "netIncomeFromContinuingOps": 344000000, "netIncomeApplicableToCommonShares": 344000000}, "2022-03-31": {"researchDevelopment": null, "effectOfAccountingCharges": null, "incomeBeforeTax": 801000000, "minorityInterest": null, "netIncome": 599000000, "sellingGeneralAdministrative": 801000000, "grossProfit": 2691000000, "ebit": 1082000000, "operatingIncome": 1082000000, "otherOperatingExpenses": null, "interestExpense": -352000000, "extraordinaryItems": null, "nonRecurring": null, "otherItems": null, "incomeTaxExpense": 202000000, "totalRevenue": 4676000000, "totalOperatingExpenses": 3594000000, "costOfRevenue": 1985000000, "totalOtherIncomeExpenseNet": -281000000, "discontinuedOperations": null, "netIncomeFromContinuingOps": 599000000, "netIncomeApplicableToCommonShares": 599000000}, "2021-12-31": {"researchDevelopment": null, "effectOfAccountingCharges": null, "incomeBeforeTax": 679000000, "minorityInterest": null, "netIncome": 508000000, "sellingGeneralAdministrative": 1028000000, "grossProfit": 2761000000, "ebit": 859000000, "operatingIncome": 859000000, "otherOperatingExpenses": null, "interestExpense": -372000000, "extraordinaryItems": null, "nonRecurring": null, "otherItems": null, "incomeTaxExpense": 171000000, "totalRevenue": 4847000000, "totalOperatingExpenses": 3988000000, "costOfRevenue": 2086000000, "totalOtherIncomeExpenseNet": -180000000, "discontinuedOperations": null, "netIncomeFromContinuingOps": 508000000, "netIncomeApplicableToCommonShares": 508000000}, "2021-09-30": {"researchDevelopment": null, "effectOfAccountingCharges": null, "incomeBeforeTax": 716000000, "minorityInterest": null, "netIncome": 544000000, "sellingGeneralAdministrative": 686000000, "grossProfit": 2736000000, "ebit": 1103000000, "operatingIncome": 1103000000, "otherOperatingExpenses": null, "interestExpense": -377000000, "extraordinaryItems": null, "nonRecurring": null, "otherItems": null, "incomeTaxExpense": 172000000, "totalRevenue": 4887000000, "totalOperatingExpenses": 3784000000, "costOfRevenue": 2151000000, "totalOtherIncomeExpenseNet": -387000000, "discontinuedOperations": null, "netIncomeFromContinuingOps": 544000000, "netIncomeApplicableToCommonShares": 544000000}}}, "cash": {"annual": {"2021-12-31": {"changeToLiabilities": -261000000, "totalCashflowsFromInvestingActivities": -2712000000, "netBorrowings": -1667000000, "totalCashFromFinancingActivities": -3807000000, "changeToOperatingActivities": -28000000, "netIncome": 2033000000, "changeInCash": -18000000, "repurchaseOfStock": -1000000000, "totalCashFromOperatingActivities": 6501000000, "depreciation": 3998000000, "otherCashflowsFromInvestingActivities": 53000000, "dividendsPaid": -1087000000, "changeToAccountReceivables": -8000000, "otherCashflowsFromFinancingActivities": -53000000, "changeToNetincome": 836000000, "capitalExpenditures": -2900000000}, "2020-12-31": {"changeToLiabilities": -543000000, "totalCashflowsFromInvestingActivities": -3564000000, "netBorrowings": -3054000000, "totalCashFromFinancingActivities": -4250000000, "changeToOperatingActivities": -30000000, "netIncome": -1232000000, "changeInCash": -1290000000, "repurchaseOfStock": -1000000000, "totalCashFromOperatingActivities": 6524000000, "depreciation": 4710000000, "otherCashflowsFromInvestingActivities": 12000000, "dividendsPaid": -1109000000, "changeToAccountReceivables": 115000000, "otherCashflowsFromFinancingActivities": -87000000, "changeToNetincome": 3477000000, "capitalExpenditures": -3729000000}, "2019-12-31": {"changeToLiabilities": -261000000, "totalCashflowsFromInvestingActivities": -3570000000, "netBorrowings": -750000000, "totalCashFromFinancingActivities": -1911000000, "changeToOperatingActivities": 185000000, "netIncome": -5269000000, "changeInCash": 1199000000, "repurchaseOfStock": -1000000000, "totalCashFromOperatingActivities": 6680000000, "depreciation": 4829000000, "otherCashflowsFromInvestingActivities": -35000000, "dividendsPaid": -1100000000, "changeToAccountReceivables": -5000000, "otherCashflowsFromFinancingActivities": -61000000, "changeToNetincome": 7181000000, "capitalExpenditures": -3628000000}, "2018-12-31": {"changeToLiabilities": 124000000, "totalCashflowsFromInvestingActivities": -3078000000, "netBorrowings": -1661000000, "totalCashFromFinancingActivities": -4023000000, "changeToOperatingActivities": -193000000, "netIncome": -1733000000, "changeInCash": -69000000, "repurchaseOfStock": -1000000000, "totalCashFromOperatingActivities": 7032000000, "depreciation": 5120000000, "otherCashflowsFromInvestingActivities": -61000000, "dividendsPaid": -2312000000, "changeToAccountReceivables": 25000000, "otherCashflowsFromFinancingActivities": -50000000, "changeToNetincome": 3614000000, "capitalExpenditures": -3175000000}}, "quarterly": {"2022-06-30": {"changeToLiabilities": 117000000, "totalCashflowsFromInvestingActivities": -701000000, "netBorrowings": -458000000, "totalCashFromFinancingActivities": -713000000, "changeToOperatingActivities": 102000000, "netIncome": 344000000, "changeInCash": -18000000, "totalCashFromOperatingActivities": 1396000000, "depreciation": 827000000, "otherCashflowsFromInvestingActivities": 1000000, "dividendsPaid": -254000000, "changeToAccountReceivables": -99000000, "otherCashflowsFromFinancingActivities": -1000000, "changeToNetincome": 126000000, "capitalExpenditures": -761000000}, "2022-03-31": {"changeToLiabilities": -38000000, "totalCashflowsFromInvestingActivities": -569000000, "netBorrowings": -474000000, "totalCashFromFinancingActivities": -776000000, "changeToOperatingActivities": -386000000, "netIncome": 599000000, "changeInCash": 30000000, "totalCashFromOperatingActivities": 1375000000, "depreciation": 808000000, "otherCashflowsFromInvestingActivities": 2000000, "dividendsPaid": -271000000, "changeToAccountReceivables": 131000000, "otherCashflowsFromFinancingActivities": -31000000, "changeToNetincome": 227000000, "capitalExpenditures": -577000000}, "2021-12-31": {"changeToLiabilities": -21000000, "totalCashflowsFromInvestingActivities": -763000000, "netBorrowings": -794000000, "totalCashFromFinancingActivities": -1139000000, "changeToOperatingActivities": 124000000, "netIncome": 508000000, "changeInCash": -295000000, "repurchaseOfStock": -91000000, "totalCashFromOperatingActivities": 1607000000, "depreciation": 874000000, "otherCashflowsFromInvestingActivities": 40000000, "dividendsPaid": -253000000, "changeToAccountReceivables": -28000000, "otherCashflowsFromFinancingActivities": -1000000, "changeToNetincome": 226000000, "capitalExpenditures": -848000000}, "2021-09-30": {"changeToLiabilities": -59000000, "totalCashflowsFromInvestingActivities": -654000000, "netBorrowings": -140000000, "totalCashFromFinancingActivities": -1318000000, "changeToOperatingActivities": 36000000, "netIncome": 544000000, "changeInCash": -242000000, "repurchaseOfStock": -909000000, "totalCashFromOperatingActivities": 1730000000, "depreciation": 933000000, "otherCashflowsFromInvestingActivities": 12000000, "dividendsPaid": -266000000, "changeToAccountReceivables": 16000000, "otherCashflowsFromFinancingActivities": -3000000, "changeToNetincome": 224000000, "capitalExpenditures": -690000000}}}}, "DISH": {"balance": {"annual": {"2021-12-31": {"intangibleAssets": 29079707000, "capitalSurplus": 4735484000, "totalLiab": 32078612000, "totalStockholderEquity": 15526671000, "minorityInterest": 396442000, "otherCurrentLiab": 2138117000, "totalAssets": 48001725000, "commonStock": 5289000, "otherCurrentAssets": 641978000, "retainedEarnings": 10785617000, "otherLiab": 4754125000, "goodWill": 227637000, "treasuryStock": 281000, "otherAssets": 6269061000, "cash": 2428188000, "totalCurrentLiabilities": 6515886000, "shortLongTermDebt": 2027038000, "otherStockholderEquity": 281000, "propertyPlantEquipment": 4751197000, "totalCurrentAssets": 7523182000, "longTermInvestments": 150941000, "netTangibleAssets": -13780673000, "shortTermInvestments": 2975518000, "netReceivables": 942561000, "longTermDebt": 19290320000, "inventory": 534937000, "accountsPayable": 848224000}, "2020-12-31": {"intangibleAssets": 27446484000, "capitalSurplus": 5400774000, "totalLiab": 24108654000, "totalStockholderEquity": 13780155000, "minorityInterest": 351138000, "otherCurrentLiab": 2244125000, "totalAssets": 38239947000, "commonStock": 5261000, "otherCurrentAssets": 1804562000, "retainedEarnings": 8374975000, "otherLiab": 4343974000, "goodWill": 217581000, "treasuryStock": -855000, "otherAssets": 1117414000, "cash": 3370092000, "totalCurrentLiabilities": 6084746000, "shortLongTermDebt": 2027241000, "otherStockholderEquity": -855000, "propertyPlantEquipment": 2286604000, "totalCurrentAssets": 7022158000, "longTermInvestments": 149706000, "netTangibleAssets": -13883910000, "shortTermInvestments": 362953000, "netReceivables": 1104202000, "longTermDebt": 13512613000, "inventory": 380349000, "accountsPayable": 395397000}, "2019-12-31": {"intangibleAssets": 25789557000, "capitalSurplus": 4947007000, "totalLiab": 21114788000, "totalStockholderEquity": 11564521000, "minorityInterest": 551626000, "otherCurrentLiab": 2270015000, "totalAssets": 33230935000, "commonStock": 5230000, "otherCurrentAssets": 243497000, "retainedEarnings": 6612302000, "otherLiab": 3565673000, "goodWill": 126361000, "treasuryStock": -18000, "otherAssets": 289331000, "cash": 2443643000, "totalCurrentLiabilities": 4496091000, "shortLongTermDebt": 1109873000, "otherStockholderEquity": -18000, "propertyPlantEquipment": 2850512000, "totalCurrentAssets": 4015100000, "longTermInvestments": 160074000, "netTangibleAssets": -14351397000, "shortTermInvestments": 416704000, "netReceivables": 588358000, "longTermDebt": 12796523000, "inventory": 322898000, "accountsPayable": 280645000}, "2018-12-31": {"intangibleAssets": 24754416000, "capitalSurplus": 3379093000, "totalLiab": 21532755000, "totalStockholderEquity": 8595688000, "minorityInterest": 458569000, "otherCurrentLiab": 2470519000, "totalAssets": 30587012000, "commonStock": 4679000, "otherCurrentAssets": 289800000, "retainedEarnings": 5212790000, "otherLiab": 2945839000, "treasuryStock": -874000, "otherAssets": 496219000, "cash": 887346000, "totalCurrentLiabilities": 4776132000, "shortLongTermDebt": 1341993000, "otherStockholderEquity": -874000, "propertyPlantEquipment": 1928180000, "totalCurrentAssets": 3289205000, "longTermInvestments": 118992000, "netTangibleAssets": -16158728000, "shortTermInvestments": 1181471000, "netReceivables": 639855000, "longTermDebt": 13743800000, "inventory": 290733000, "accountsPayable": 233753000}}, "quarterly": {"2022-06-30": {"intangibleAssets": 37063534000, "capitalSurplus": 4801354000, "totalLiab": 32880013000, "totalStockholderEquity": 16547955000, "minorityInterest": 429812000, "otherCurrentLiab": 2001638000, "totalAssets": 49857780000, "commonStock": 5302000, "otherCurrentAssets": 448790000, "retainedEarnings": 11741100000, "otherLiab": 5138567000, "treasuryStock": 199000, "otherAssets": 1058316000, "cash": 2632236000, "totalCurrentLiabilities": 7619608000, "shortLongTermDebt": 3193098000, "otherStockholderEquity": 199000, "propertyPlantEquipment": 6752215000, "totalCurrentAssets": 4840444000, "longTermInvestments": 143271000, "netTangibleAssets": -20515579000, "shortTermInvestments": 121923000, "netReceivables": 1051737000, "longTermDebt": 17794271000, "inventory": 585758000, "accountsPayable": 815100000}, "2022-03-31": {"intangibleAssets": 29524102000, "capitalSurplus": 4755382000, "totalLiab": 32810015000, "totalStockholderEquity": 15979000000, "minorityInterest": 412637000, "otherCurrentLiab": 1994344000, "totalAssets": 49201652000, "commonStock": 5292000, "otherCurrentAssets": 433716000, "retainedEarnings": 11218268000, "otherLiab": 4965593000, "treasuryStock": 58000, "otherAssets": 8402674000, "cash": 2696478000, "totalCurrentLiabilities": 8047594000, "shortLongTermDebt": 3537428000, "otherStockholderEquity": 58000, "propertyPlantEquipment": 5838509000, "totalCurrentAssets": 5295322000, "longTermInvestments": 141045000, "netTangibleAssets": -13545102000, "shortTermInvestments": 538775000, "netReceivables": 1089460000, "longTermDebt": 17793016000, "inventory": 536893000, "accountsPayable": 941499000}, "2021-12-31": {"intangibleAssets": 29079707000, "capitalSurplus": 4735484000, "totalLiab": 32078612000, "totalStockholderEquity": 15526671000, "minorityInterest": 396442000, "otherCurrentLiab": 2138117000, "totalAssets": 48001725000, "commonStock": 5289000, "otherCurrentAssets": 641978000, "retainedEarnings": 10785617000, "otherLiab": 4754125000, "goodWill": 227637000, "treasuryStock": 281000, "otherAssets": 6269061000, "cash": 2428188000, "totalCurrentLiabilities": 6515886000, "shortLongTermDebt": 2027038000, "otherStockholderEquity": 281000, "propertyPlantEquipment": 4751197000, "totalCurrentAssets": 7523182000, "longTermInvestments": 150941000, "netTangibleAssets": -13780673000, "shortTermInvestments": 2975518000, "netReceivables": 942561000, "longTermDebt": 19290320000, "inventory": 534937000, "accountsPayable": 848224000}, "2021-09-30": {"intangibleAssets": 29121043000, "capitalSurplus": 4715015000, "totalLiab": 25876084000, "totalStockholderEquity": 14954794000, "minorityInterest": 383359000, "otherCurrentLiab": 2093521000, "totalAssets": 41214237000, "commonStock": 5287000, "otherCurrentAssets": 557836000, "retainedEarnings": 10233288000, "otherLiab": 4609749000, "treasuryStock": 1204000, "otherAssets": 1072681000, "cash": 2280278000, "totalCurrentLiabilities": 6309344000, "shortLongTermDebt": 2026908000, "otherStockholderEquity": 1204000, "propertyPlantEquipment": 3586942000, "totalCurrentAssets": 7278537000, "longTermInvestments": 155034000, "netTangibleAssets": -14166249000, "shortTermInvestments": 2967545000, "netReceivables": 1002052000, "longTermDebt": 14064980000, "inventory": 470826000, "accountsPayable": 693184000}}}, "income": {"annual": {"2021-12-31": {"researchDevelopment": null, "effectOfAccountingCharges": null, "incomeBeforeTax": 3218756000, "minorityInterest": 396442000, "netIncome": 2410642000, "sellingGeneralAdministrative": 2214936000, "grossProfit": 6142823000, "ebit": 3203035000, "operatingIncome": 3203035000, "otherOperatingExpenses": null, "interestExpense": -16174000, "extraordinaryItems": null, "nonRecurring": null, "otherItems": null, "incomeTaxExpense": 762810000, "totalRevenue": 17881106000, "totalOperatingExpenses": 14678071000, "costOfRevenue": 11738283000, "totalOtherIncomeExpenseNet": 15721000, "discontinuedOperations": null, "netIncomeFromContinuingOps": 2455946000, "netIncomeApplicableToCommonShares": 2410642000}, "2020-12-31": {"researchDevelopment": null, "effectOfAccountingCharges": null, "incomeBeforeTax": 2572211000, "minorityInterest": 351138000, "netIncome": 1762673000, "sellingGeneralAdministrative": 1876122000, "grossProfit": 5459707000, "ebit": 2869033000, "operatingIncome": 2869033000, "otherOperatingExpenses": null, "interestExpense": -12974000, "extraordinaryItems": null, "nonRecurring": null, "otherItems": null, "incomeTaxExpense": 698275000, "totalRevenue": 15493435000, "totalOperatingExpenses": 12624402000, "costOfRevenue": 10033728000, "totalOtherIncomeExpenseNet": -296822000, "discontinuedOperations": null, "netIncomeFromContinuingOps": 1873936000, "netIncomeApplicableToCommonShares": 1762673000}, "2019-12-31": {"researchDevelopment": null, "effectOfAccountingCharges": null, "incomeBeforeTax": 1943927000, "minorityInterest": 551626000, "netIncome": 1399512000, "sellingGeneralAdministrative": 1728069000, "grossProfit": 4237522000, "ebit": 1878876000, "operatingIncome": 1878876000, "otherOperatingExpenses": null, "interestExpense": -23687000, "extraordinaryItems": null, "nonRecurring": null, "otherItems": null, "incomeTaxExpense": 451358000, "totalRevenue": 12807684000, "totalOperatingExpenses": 10928808000, "costOfRevenue": 8570162000, "totalOtherIncomeExpenseNet": 65051000, "discontinuedOperations": null, "netIncomeFromContinuingOps": 1492569000, "netIncomeApplicableToCommonShares": 1399512000}, "2018-12-31": {"researchDevelopment": null, "effectOfAccountingCharges": null, "incomeBeforeTax": 2189175000, "minorityInterest": 458569000, "netIncome": 1575091000, "sellingGeneralAdministrative": 1437281000, "grossProfit": 4296926000, "ebit": 2147621000, "operatingIncome": 2147621000, "otherOperatingExpenses": null, "interestExpense": -15006000, "extraordinaryItems": null, "nonRecurring": null, "otherItems": null, "incomeTaxExpense": 533684000, "totalRevenue": 13621302000, "totalOperatingExpenses": 11473681000, "costOfRevenue": 9324376000, "totalOtherIncomeExpenseNet": 41554000, "discontinuedOperations": null, "netIncomeFromContinuingOps": 1655491000, "netIncomeApplicableToCommonShares": 1575091000}}, "quarterly": {"2022-06-30": {"researchDevelopment": null, "effectOfAccountingCharges": null, "incomeBeforeTax": 710464000, "minorityInterest": 429812000, "netIncome": 522832000, "sellingGeneralAdministrative": 610949000, "grossProfit": 1472107000, "ebit": 692935000, "operatingIncome": 692935000, "otherOperatingExpenses": null, "interestExpense": -5618000, "extraordinaryItems": null, "nonRecurring": null, "otherItems": null, "incomeTaxExpense": 170457000, "totalRevenue": 4209963000, "totalOperatingExpenses": 3517028000, "costOfRevenue": 2737856000, "totalOtherIncomeExpenseNet": 17529000, "discontinuedOperations": null, "netIncomeFromContinuingOps": 540007000, "netIncomeApplicableToCommonShares": 522832000}, "2022-03-31": {"researchDevelopment": null, "effectOfAccountingCharges": null, "incomeBeforeTax": 593156000, "minorityInterest": 412637000, "netIncome": 432651000, "sellingGeneralAdministrative": 618704000, "grossProfit": 1345405000, "ebit": 550360000, "operatingIncome": 550360000, "otherOperatingExpenses": null, "interestExpense": -4601000, "extraordinaryItems": null, "nonRecurring": null, "otherItems": null, "incomeTaxExpense": 144310000, "totalRevenue": 4330620000, "totalOperatingExpenses": 3780260000, "costOfRevenue": 2985215000, "totalOtherIncomeExpenseNet": 42796000, "discontinuedOperations": null, "netIncomeFromContinuingOps": 448846000, "netIncomeApplicableToCommonShares": 432651000}, "2021-12-31": {"researchDevelopment": null, "effectOfAccountingCharges": null, "incomeBeforeTax": 715577000, "minorityInterest": 396442000, "netIncome": 552329000, "sellingGeneralAdministrative": 618622000, "grossProfit": 1503424000, "ebit": 714016000, "operatingIncome": 714016000, "otherOperatingExpenses": null, "interestExpense": -4273000, "extraordinaryItems": null, "nonRecurring": null, "otherItems": null, "incomeTaxExpense": 150165000, "totalRevenue": 4446658000, "totalOperatingExpenses": 3732642000, "costOfRevenue": 2943234000, "totalOtherIncomeExpenseNet": 1561000, "discontinuedOperations": null, "netIncomeFromContinuingOps": 565412000, "netIncomeApplicableToCommonShares": 552329000}, "2021-09-30": {"researchDevelopment": null, "effectOfAccountingCharges": null, "incomeBeforeTax": 746778000, "minorityInterest": 383359000, "netIncome": 557042000, "sellingGeneralAdministrative": 606719000, "grossProfit": 1501715000, "ebit": 717705000, "operatingIncome": 717705000, "otherOperatingExpenses": null, "interestExpense": -4203000, "extraordinaryItems": null, "nonRecurring": null, "otherItems": null, "incomeTaxExpense": 179258000, "totalRevenue": 4449635000, "totalOperatingExpenses": 3731930000, "costOfRevenue": 2947920000, "totalOtherIncomeExpenseNet": 29073000, "discontinuedOperations": null, "netIncomeFromContinuingOps": 567520000, "netIncomeApplicableToCommonShares": 557042000}}}, "cash": {"annual": {"2021-12-31": {"investments": -2617690000, "changeToLiabilities": 2226000, "totalCashflowsFromInvestingActivities": -4410413000, "netBorrowings": 4660124000, "totalCashFromFinancingActivities": 4659428000, "changeToOperatingActivities": -10931000, "issuanceOfStock": 58303000, "netIncome": 2410642000, "changeInCash": 4280266000, "totalCashFromOperatingActivities": 4031251000, "depreciation": 724852000, "otherCashflowsFromInvestingActivities": -44029000, "changeToInventory": -167985000, "changeToAccountReceivables": 209456000, "otherCashflowsFromFinancingActivities": -58999000, "changeToNetincome": 781794000, "capitalExpenditures": -1185642000}, "2020-12-31": {"investments": 42149000, "changeToLiabilities": 72769000, "totalCashflowsFromInvestingActivities": -3861572000, "netBorrowings": 1799464000, "totalCashFromFinancingActivities": 1499470000, "changeToOperatingActivities": -429031000, "issuanceOfStock": 27414000, "netIncome": 1762673000, "changeInCash": 949674000, "totalCashFromOperatingActivities": 3311776000, "depreciation": 714552000, "otherCashflowsFromInvestingActivities": -11173000, "changeToInventory": 58291000, "changeToAccountReceivables": -25172000, "otherCashflowsFromFinancingActivities": -327408000, "changeToNetincome": 1242327000, "capitalExpenditures": -413302000}, "2019-12-31": {"investments": 770108000, "changeToLiabilities": 73064000, "totalCashflowsFromInvestingActivities": -717836000, "netBorrowings": -1358920000, "totalCashFromFinancingActivities": -328169000, "changeToOperatingActivities": -115284000, "issuanceOfStock": 1034843000, "netIncome": 1399512000, "changeInCash": 1616396000, "totalCashFromOperatingActivities": 2662401000, "depreciation": 630577000, "otherCashflowsFromInvestingActivities": 6659000, "changeToInventory": -79542000, "changeToAccountReceivables": 49183000, "otherCashflowsFromFinancingActivities": -4092000, "changeToNetincome": 654790000, "capitalExpenditures": -581081000}, "2018-12-31": {"investments": -673680000, "changeToLiabilities": -259131000, "totalCashflowsFromInvestingActivities": -1975273000, "netBorrowings": -1151256000, "totalCashFromFinancingActivities": -1134545000, "changeToOperatingActivities": -117252000, "issuanceOfStock": 19981000, "netIncome": 1575091000, "changeInCash": -591977000, "totalCashFromOperatingActivities": 2517841000, "depreciation": 712024000, "otherCashflowsFromInvestingActivities": 17604000, "changeToInventory": 14788000, "changeToAccountReceivables": 14724000, "otherCashflowsFromFinancingActivities": -3270000, "changeToNetincome": 483979000, "capitalExpenditures": -393938000}}, "quarterly": {"2022-06-30": {"investments": 414672000, "changeToLiabilities": 0, "totalCashflowsFromInvestingActivities": -483016000, "netBorrowings": -337266000, "totalCashFromFinancingActivities": -344478000, "changeToOperatingActivities": -201857000, "issuanceOfStock": 4449000, "netIncome": 522832000, "changeInCash": -66541000, "totalCashFromOperatingActivities": 760953000, "depreciation": 168223000, "otherCashflowsFromInvestingActivities": 267000, "otherCashflowsFromFinancingActivities": -11661000, "changeToNetincome": 271755000, "capitalExpenditures": -656807000}, "2022-03-31": {"investments": 2457074000, "changeToLiabilities": 0, "totalCashflowsFromInvestingActivities": -5642626000, "netBorrowings": -6993000, "totalCashFromFinancingActivities": 2051000, "changeToOperatingActivities": -73271000, "issuanceOfStock": 4616000, "netIncome": 432651000, "changeInCash": -4935231000, "totalCashFromOperatingActivities": 705344000, "depreciation": 176341000, "otherCashflowsFromInvestingActivities": 3348000, "otherCashflowsFromFinancingActivities": 4428000, "changeToNetincome": 169623000, "capitalExpenditures": -629374000}, "2021-12-31": {"investments": 3501000, "changeToLiabilities": 2226000, "totalCashflowsFromInvestingActivities": -573480000, "netBorrowings": 5234361000, "totalCashFromFinancingActivities": 5191634000, "changeToOperatingActivities": -250036000, "issuanceOfStock": 20526000, "netIncome": 552329000, "changeInCash": 5389738000, "totalCashFromOperatingActivities": 771584000, "depreciation": 170786000, "otherCashflowsFromInvestingActivities": 119892000, "changeToInventory": -167985000, "changeToAccountReceivables": 209456000, "otherCashflowsFromFinancingActivities": -63253000, "changeToNetincome": 173611000, "capitalExpenditures": -473687000}, "2021-09-30": {"investments": -1845409000, "changeToLiabilities": 0, "totalCashflowsFromInvestingActivities": -2578436000, "netBorrowings": -38342000, "totalCashFromFinancingActivities": 3846000, "changeToOperatingActivities": 55609000, "issuanceOfStock": 12684000, "netIncome": 557042000, "changeInCash": -1566822000, "totalCashFromOperatingActivities": 1007768000, "depreciation": 177291000, "otherCashflowsFromInvestingActivities": -120932000, "changeToInventory": -167985000, "changeToAccountReceivables": 209456000, "otherCashflowsFromFinancingActivities": 29504000, "changeToNetincome": 217826000, "capitalExpenditures": -333884000}}}}, "FOX": {"balance": {"annual": {"2022-06-30": {"intangibleAssets": 3678000000, "capitalSurplus": 9098000000, "totalLiab": 10622000000, "totalStockholderEquity": 11339000000, "minorityInterest": 224000000, "otherCurrentLiab": 895000000, "totalAssets": 22185000000, "commonStock": 6000000, "otherCurrentAssets": 953000000, "retainedEarnings": 2461000000, "otherLiab": 715000000, "goodWill": 3554000000, "treasuryStock": -226000000, "otherAssets": 3935000000, "cash": 5200000000, "totalCurrentLiabilities": 2296000000, "deferredLongTermAssetCharges": 3440000000, "otherStockholderEquity": -226000000, "propertyPlantEquipment": 2159000000, "totalCurrentAssets": 8281000000, "longTermInvestments": 578000000, "netTangibleAssets": 4107000000, "netReceivables": 2128000000, "longTermDebt": 7206000000, "accountsPayable": 302000000}, "2021-06-30": {"intangibleAssets": 3353000000, "capitalSurplus": 9453000000, "totalLiab": 11540000000, "totalStockholderEquity": 11123000000, "minorityInterest": 263000000, "otherCurrentLiab": 855000000, "totalAssets": 22926000000, "commonStock": 6000000, "otherCurrentAssets": 834000000, "retainedEarnings": 1982000000, "otherLiab": 927000000, "goodWill": 3435000000, "treasuryStock": -318000000, "otherAssets": 4313000000, "cash": 5886000000, "totalCurrentLiabilities": 3002000000, "deferredLongTermAssetCharges": 3822000000, "shortLongTermDebt": 749000000, "otherStockholderEquity": -318000000, "propertyPlantEquipment": 2177000000, "totalCurrentAssets": 8749000000, "longTermInvestments": 899000000, "netTangibleAssets": 4335000000, "netReceivables": 2029000000, "longTermDebt": 7202000000, "accountsPayable": 229000000}, "2020-06-30": {"intangibleAssets": 3400000000, "capitalSurplus": 9831000000, "totalLiab": 11334000000, "totalStockholderEquity": 10094000000, "minorityInterest": 322000000, "otherCurrentLiab": 637000000, "totalAssets": 21750000000, "commonStock": 6000000, "otherCurrentAssets": 953000000, "retainedEarnings": 674000000, "otherLiab": 1030000000, "goodWill": 3409000000, "treasuryStock": -417000000, "otherAssets": 4800000000, "cash": 4645000000, "totalCurrentLiabilities": 1906000000, "deferredLongTermAssetCharges": 4358000000, "otherStockholderEquity": -417000000, "propertyPlantEquipment": 2037000000, "totalCurrentAssets": 7486000000, "longTermInvestments": 618000000, "netTangibleAssets": 3285000000, "netReceivables": 1888000000, "longTermDebt": 7946000000, "accountsPayable": 240000000}, "2019-06-30": {"intangibleAssets": 3056000000, "capitalSurplus": 9891000000, "totalLiab": 9362000000, "totalStockholderEquity": 9947000000, "minorityInterest": 200000000, "otherCurrentLiab": 683000000, "totalAssets": 19509000000, "commonStock": 7000000, "otherCurrentAssets": 1277000000, "retainedEarnings": 357000000, "otherLiab": 899000000, "goodWill": 2691000000, "treasuryStock": -308000000, "otherAssets": 5106000000, "cash": 3234000000, "totalCurrentLiabilities": 1712000000, "deferredLongTermAssetCharges": 4651000000, "otherStockholderEquity": -308000000, "propertyPlantEquipment": 1313000000, "totalCurrentAssets": 6478000000, "longTermInvestments": 865000000, "netTangibleAssets": 4200000000, "netReceivables": 1967000000, "longTermDebt": 6751000000, "inventory": 1129000000, "accountsPayable": 194000000}}, "quarterly": {"2022-06-30": {"intangibleAssets": 3678000000, "capitalSurplus": 9098000000, "totalLiab": 10622000000, "totalStockholderEquity": 11339000000, "minorityInterest": 224000000, "otherCurrentLiab": 895000000, "totalAssets": 22185000000, "commonStock": 6000000, "otherCurrentAssets": 953000000, "retainedEarnings": 2461000000, "otherLiab": 715000000, "goodWill": 3554000000, "treasuryStock": -226000000, "otherAssets": 3935000000, "cash": 5200000000, "totalCurrentLiabilities": 2296000000, "deferredLongTermAssetCharges": 3440000000, "otherStockholderEquity": -226000000, "propertyPlantEquipment": 2159000000, "totalCurrentAssets": 8281000000, "longTermInvestments": 578000000, "netTangibleAssets": 4107000000, "netReceivables": 2128000000, "longTermDebt": 7206000000, "accountsPayable": 302000000}, "2022-03-31": {"intangibleAssets": 3663000000, "capitalSurplus": 9195000000, "totalLiab": 10623000000, "totalStockholderEquity": 11200000000, "minorityInterest": 193000000, "otherCurrentLiab": 931000000, "totalAssets": 22016000000, "commonStock": 6000000, "otherCurrentAssets": 944000000, "retainedEarnings": 2300000000, "otherLiab": 915000000, "goodWill": 3560000000, "treasuryStock": -301000000, "otherAssets": 4129000000, "cash": 4634000000, "totalCurrentLiabilities": 2121000000, "deferredLongTermAssetCharges": 3619000000, "otherStockholderEquity": -301000000, "propertyPlantEquipment": 2100000000, "totalCurrentAssets": 7916000000, "longTermInvestments": 648000000, "netTangibleAssets": 3977000000, "netReceivables": 2338000000, "longTermDebt": 7205000000, "accountsPayable": 221000000}, "2021-12-31": {"intangibleAssets": 3660000000, "capitalSurplus": 9265000000, "totalLiab": 11416000000, "totalStockholderEquity": 11275000000, "minorityInterest": 187000000, "otherCurrentLiab": 934000000, "totalAssets": 22878000000, "commonStock": 6000000, "otherCurrentAssets": 1307000000, "retainedEarnings": 2308000000, "otherLiab": 936000000, "goodWill": 3565000000, "treasuryStock": -304000000, "otherAssets": 4182000000, "cash": 4255000000, "totalCurrentLiabilities": 2870000000, "deferredLongTermAssetCharges": 3675000000, "shortLongTermDebt": 750000000, "otherStockholderEquity": -304000000, "propertyPlantEquipment": 2126000000, "totalCurrentAssets": 8514000000, "longTermInvestments": 831000000, "netTangibleAssets": 4050000000, "netReceivables": 2952000000, "longTermDebt": 7204000000, "accountsPayable": 231000000}, "2021-09-30": {"intangibleAssets": 3492000000, "capitalSurplus": 9327000000, "totalLiab": 11429000000, "totalStockholderEquity": 11430000000, "minorityInterest": 302000000, "otherCurrentLiab": 898000000, "totalAssets": 23161000000, "commonStock": 6000000, "otherCurrentAssets": 1272000000, "retainedEarnings": 2409000000, "otherLiab": 934000000, "goodWill": 3532000000, "treasuryStock": -312000000, "otherAssets": 4124000000, "cash": 5411000000, "totalCurrentLiabilities": 2869000000, "deferredLongTermAssetCharges": 3653000000, "shortLongTermDebt": 750000000, "otherStockholderEquity": -312000000, "propertyPlantEquipment": 2140000000, "totalCurrentAssets": 8875000000, "longTermInvestments": 998000000, "netTangibleAssets": 4406000000, "netReceivables": 2192000000, "longTermDebt": 7203000000, "accountsPayable": 284000000}}}, "income": {"annual": {"2022-06-30": {"researchDevelopment": null, "effectOfAccountingCharges": null, "incomeBeforeTax": 1694000000, "minorityInterest": 224000000, "netIncome": 1205000000, "sellingGeneralAdministrative": 1937000000, "grossProfit": 4857000000, "ebit": 2557000000, "operatingIncome": 2557000000, "otherOperatingExpenses": null, "interestExpense": -377000000, "extraordinaryItems": null, "nonRecurring": null, "otherItems": null, "incomeTaxExpense": 461000000, "totalRevenue": 13974000000, "totalOperatingExpenses": 11417000000, "costOfRevenue": 9117000000, "totalOtherIncomeExpenseNet": -863000000, "discontinuedOperations": null, "netIncomeFromContinuingOps": 1233000000, "netIncomeApplicableToCommonShares": 1205000000}, "2021-06-30": {"researchDevelopment": null, "effectOfAccountingCharges": null, "incomeBeforeTax": 2918000000, "minorityInterest": 263000000, "netIncome": 2150000000, "sellingGeneralAdministrative": 1836000000, "grossProfit": 4872000000, "ebit": 2736000000, "operatingIncome": 2736000000, "otherOperatingExpenses": null, "interestExpense": -395000000, "extraordinaryItems": null, "nonRecurring": null, "otherItems": null, "incomeTaxExpense": 717000000, "totalRevenue": 12909000000, "totalOperatingExpenses": 10173000000, "costOfRevenue": 8037000000, "totalOtherIncomeExpenseNet": 182000000, "discontinuedOperations": null, "netIncomeFromContinuingOps": 2201000000, "netIncomeApplicableToCommonShares": 2150000000}, "2020-06-30": {"researchDevelopment": null, "effectOfAccountingCharges": null, "incomeBeforeTax": 1464000000, "minorityInterest": 322000000, "netIncome": 999000000, "sellingGeneralAdministrative": 1758000000, "grossProfit": 4496000000, "ebit": 2480000000, "operatingIncome": 2480000000, "otherOperatingExpenses": null, "interestExpense": -369000000, "extraordinaryItems": null, "nonRecurring": null, "otherItems": null, "incomeTaxExpense": 402000000, "totalRevenue": 12303000000, "totalOperatingExpenses": 9823000000, "costOfRevenue": 7807000000, "totalOtherIncomeExpenseNet": -1016000000, "discontinuedOperations": null, "netIncomeFromContinuingOps": 1062000000, "netIncomeApplicableToCommonShares": 999000000}, "2019-06-30": {"researchDevelopment": null, "effectOfAccountingCharges": null, "incomeBeforeTax": 2224000000, "minorityInterest": 200000000, "netIncome": 1595000000, "sellingGeneralAdministrative": 1419000000, "grossProfit": 4062000000, "ebit": 2431000000, "operatingIncome": 2431000000, "otherOperatingExpenses": null, "interestExpense": -203000000, "extraordinaryItems": null, "nonRecurring": null, "otherItems": null, "incomeTaxExpense": 581000000, "totalRevenue": 11389000000, "totalOperatingExpenses": 8958000000, "costOfRevenue": 7327000000, "totalOtherIncomeExpenseNet": -207000000, "discontinuedOperations": null, "netIncomeFromContinuingOps": 1643000000, "netIncomeApplicableToCommonShares": 1595000000}}, "quarterly": {"2022-06-30": {"researchDevelopment": null, "effectOfAccountingCharges": null, "incomeBeforeTax": 447000000, "minorityInterest": 224000000, "netIncome": 306000000, "sellingGeneralAdministrative": 569000000, "grossProfit": 1318000000, "ebit": 650000000, "operatingIncome": 650000000, "otherOperatingExpenses": null, "interestExpense": -92000000, "extraordinaryItems": null, "nonRecurring": null, "otherItems": null, "incomeTaxExpense": 139000000, "totalRevenue": 3033000000, "totalOperatingExpenses": 2383000000, "costOfRevenue": 1715000000, "totalOtherIncomeExpenseNet": -203000000, "discontinuedOperations": null, "netIncomeFromContinuingOps": 308000000, "netIncomeApplicableToCommonShares": 306000000}, "2022-03-31": {"researchDevelopment": null, "effectOfAccountingCharges": null, "incomeBeforeTax": 390000000, "minorityInterest": 193000000, "netIncome": 283000000, "sellingGeneralAdministrative": 485000000, "grossProfit": 1291000000, "ebit": 714000000, "operatingIncome": 714000000, "otherOperatingExpenses": null, "interestExpense": -91000000, "extraordinaryItems": null, "nonRecurring": null, "otherItems": null, "incomeTaxExpense": 100000000, "totalRevenue": 3455000000, "totalOperatingExpenses": 2741000000, "costOfRevenue": 2164000000, "totalOtherIncomeExpenseNet": -324000000, "discontinuedOperations": null, "netIncomeFromContinuingOps": 290000000, "netIncomeApplicableToCommonShares": 283000000}, "2021-12-31": {"researchDevelopment": null, "effectOfAccountingCharges": null, "incomeBeforeTax": -95000000, "minorityInterest": 187000000, "netIncome": -85000000, "sellingGeneralAdministrative": 468000000, "grossProfit": 774000000, "ebit": 213000000, "operatingIncome": 213000000, "otherOperatingExpenses": null, "interestExpense": -97000000, "extraordinaryItems": null, "nonRecurring": null, "otherItems": null, "incomeTaxExpense": -22000000, "totalRevenue": 4441000000, "totalOperatingExpenses": 4228000000, "costOfRevenue": 3667000000, "totalOtherIncomeExpenseNet": -308000000, "discontinuedOperations": null, "netIncomeFromContinuingOps": -73000000, "netIncomeApplicableToCommonShares": -85000000}, "2021-09-30": {"researchDevelopment": null, "effectOfAccountingCharges": null, "incomeBeforeTax": 952000000, "minorityInterest": 302000000, "netIncome": 701000000, "sellingGeneralAdministrative": 415000000, "grossProfit": 1474000000, "ebit": 980000000, "operatingIncome": 980000000, "otherOperatingExpenses": null, "interestExpense": -97000000, "extraordinaryItems": null, "nonRecurring": null, "otherItems": null, "incomeTaxExpense": 244000000, "totalRevenue": 3045000000, "totalOperatingExpenses": 2065000000, "costOfRevenue": 1571000000, "totalOtherIncomeExpenseNet": -28000000, "discontinuedOperations": null, "netIncomeFromContinuingOps": 708000000, "netIncomeApplicableToCommonShares": 701000000}}}, "cash": {"annual": {"2022-06-30": {"investments": -28000000, "changeToLiabilities": -54000000, "totalCashflowsFromInvestingActivities": -513000000, "netBorrowings": -750000000, "totalCashFromFinancingActivities": -2057000000, "changeToOperatingActivities": -249000000, "netIncome": 1205000000, "changeInCash": -686000000, "repurchaseOfStock": -1000000000, "totalCashFromOperatingActivities": 1884000000, "depreciation": 381000000, "otherCashflowsFromInvestingActivities": -18000000, "dividendsPaid": -307000000, "changeToInventory": -301000000, "changeToAccountReceivables": -79000000, "changeToNetincome": 981000000, "capitalExpenditures": -307000000}, "2021-06-30": {"investments": -86000000, "changeToLiabilities": 282000000, "totalCashflowsFromInvestingActivities": -528000000, "netBorrowings": -750000000, "totalCashFromFinancingActivities": -870000000, "changeToOperatingActivities": -224000000, "netIncome": 2150000000, "changeInCash": 1241000000, "repurchaseOfStock": -1001000000, "totalCashFromOperatingActivities": 2639000000, "depreciation": 322000000, "otherCashflowsFromInvestingActivities": -18000000, "dividendsPaid": -330000000, "changeToInventory": 190000000, "changeToAccountReceivables": -269000000, "otherCashflowsFromFinancingActivities": 461000000, "changeToNetincome": 188000000, "capitalExpenditures": -484000000}, "2020-06-30": {"investments": 246000000, "changeToLiabilities": -87000000, "totalCashflowsFromInvestingActivities": -1100000000, "netBorrowings": 1191000000, "totalCashFromFinancingActivities": 146000000, "changeToOperatingActivities": -98000000, "netIncome": 999000000, "changeInCash": 1411000000, "repurchaseOfStock": -600000000, "totalCashFromOperatingActivities": 2365000000, "depreciation": 282000000, "otherCashflowsFromInvestingActivities": 14000000, "dividendsPaid": -335000000, "changeToInventory": 181000000, "changeToAccountReceivables": 224000000, "otherCashflowsFromFinancingActivities": -110000000, "changeToNetincome": 864000000, "capitalExpenditures": -359000000}, "2019-06-30": {"investments": -338000000, "changeToLiabilities": 231000000, "totalCashflowsFromInvestingActivities": -637000000, "netBorrowings": 6750000000, "totalCashFromFinancingActivities": -1153000000, "changeToOperatingActivities": -98000000, "netIncome": 1595000000, "changeInCash": 734000000, "repurchaseOfStock": -600000000, "totalCashFromOperatingActivities": 2524000000, "depreciation": 250000000, "otherCashflowsFromInvestingActivities": -64000000, "dividendsPaid": -188000000, "changeToInventory": 197000000, "changeToAccountReceivables": -166000000, "otherCashflowsFromFinancingActivities": -7715000000, "changeToNetincome": 515000000, "capitalExpenditures": -235000000}}, "quarterly": {"2022-06-30": {"changeToLiabilities": 151000000, "totalCashflowsFromInvestingActivities": -127000000, "totalCashFromFinancingActivities": -240000000, "changeToOperatingActivities": -22000000, "netIncome": 306000000, "changeInCash": 566000000, "repurchaseOfStock": -252000000, "totalCashFromOperatingActivities": 933000000, "depreciation": 103000000, "otherCashflowsFromInvestingActivities": -12000000, "dividendsPaid": -12000000, "changeToInventory": -145000000, "changeToAccountReceivables": 230000000, "otherCashflowsFromFinancingActivities": 24000000, "changeToNetincome": 310000000, "capitalExpenditures": -116000000}, "2022-03-31": {"changeToLiabilities": 9000000, "totalCashflowsFromInvestingActivities": -90000000, "netBorrowings": -750000000, "totalCashFromFinancingActivities": -1138000000, "changeToOperatingActivities": -71000000, "netIncome": 283000000, "changeInCash": 379000000, "repurchaseOfStock": -251000000, "totalCashFromOperatingActivities": 1607000000, "depreciation": 97000000, "otherCashflowsFromInvestingActivities": -6000000, "dividendsPaid": -145000000, "changeToInventory": 338000000, "changeToAccountReceivables": 631000000, "otherCashflowsFromFinancingActivities": 8000000, "changeToNetincome": 320000000, "capitalExpenditures": -70000000}, "2021-12-31": {"investments": 1000000, "changeToLiabilities": -43000000, "totalCashflowsFromInvestingActivities": -221000000, "netBorrowings": -750000000, "totalCashFromFinancingActivities": -250000000, "changeToOperatingActivities": -123000000, "netIncome": -85000000, "changeInCash": -1156000000, "repurchaseOfStock": -247000000, "totalCashFromOperatingActivities": -685000000, "depreciation": 97000000, "otherCashflowsFromInvestingActivities": -6000000, "dividendsPaid": -145000000, "changeToInventory": 5000000, "changeToAccountReceivables": -766000000, "otherCashflowsFromFinancingActivities": -3000000, "changeToNetincome": 230000000, "capitalExpenditures": -68000000}, "2021-09-30": {"investments": -29000000, "changeToLiabilities": -171000000, "totalCashflowsFromInvestingActivities": -75000000, "netBorrowings": -750000000, "totalCashFromFinancingActivities": -429000000, "changeToOperatingActivities": -33000000, "netIncome": 701000000, "changeInCash": -475000000, "repurchaseOfStock": -250000000, "totalCashFromOperatingActivities": 29000000, "depreciation": 84000000, "otherCashflowsFromInvestingActivities": -6000000, "dividendsPaid": -150000000, "changeToInventory": -499000000, "changeToAccountReceivables": -174000000, "otherCashflowsFromFinancingActivities": -29000000, "changeToNetincome": 121000000, "capitalExpenditures": -53000000}}}}}