{"TEL": {"balance": {"annual": {"2021-09-24": {"intangibleAssets": 1549000000, "totalLiab": 10714000000, "totalStockholderEquity": 10634000000, "minorityInterest": 114000000, "otherCurrentLiab": 1355000000, "totalAssets": 21462000000, "commonStock": 148000000, "otherCurrentAssets": 26000000, "retainedEarnings": 11709000000, "otherLiab": 2097000000, "goodWill": 5590000000, "treasuryStock": -1223000000, "otherAssets": 2838000000, "cash": 1203000000, "totalCurrentLiabilities": 4656000000, "deferredLongTermAssetCharges": 2499000000, "shortLongTermDebt": 554000000, "otherStockholderEquity": -168000000, "propertyPlantEquipment": 4222000000, "totalCurrentAssets": 7263000000, "netTangibleAssets": 3495000000, "netReceivables": 2928000000, "longTermDebt": 3627000000, "inventory": 2511000000, "accountsPayable": 1911000000}, "2020-09-25": {"intangibleAssets": 1593000000, "totalLiab": 9747000000, "totalStockholderEquity": 9383000000, "minorityInterest": 112000000, "otherCurrentLiab": 1108000000, "totalAssets": 19242000000, "commonStock": 149000000, "otherCurrentAssets": 42000000, "retainedEarnings": 10348000000, "otherLiab": 2169000000, "goodWill": 5224000000, "treasuryStock": -1114000000, "otherAssets": 2538000000, "cash": 945000000, "totalCurrentLiabilities": 3690000000, "deferredLongTermAssetCharges": 2178000000, "shortLongTermDebt": 700000000, "otherStockholderEquity": -445000000, "propertyPlantEquipment": 4103000000, "totalCurrentAssets": 5784000000, "netTangibleAssets": 2566000000, "netReceivables": 2377000000, "longTermDebt": 3541000000, "inventory": 1950000000, "accountsPayable": 1276000000}, "2019-09-27": {"intangibleAssets": 1596000000, "totalLiab": 9124000000, "totalStockholderEquity": 10570000000, "otherCurrentLiab": 1127000000, "totalAssets": 19694000000, "commonStock": 154000000, "otherCurrentAssets": 27000000, "retainedEarnings": 12256000000, "otherLiab": 2154000000, "goodWill": 5740000000, "treasuryStock": -1840000000, "otherAssets": 3230000000, "cash": 927000000, "totalCurrentLiabilities": 3540000000, "deferredLongTermAssetCharges": 2776000000, "shortLongTermDebt": 570000000, "otherStockholderEquity": -503000000, "propertyPlantEquipment": 3574000000, "totalCurrentAssets": 5554000000, "netTangibleAssets": 3234000000, "netReceivables": 2320000000, "longTermDebt": 3430000000, "inventory": 1836000000, "accountsPayable": 1357000000}, "2018-09-28": {"intangibleAssets": 1704000000, "totalLiab": 9555000000, "totalStockholderEquity": 10831000000, "otherCurrentLiab": 1300000000, "totalAssets": 20386000000, "commonStock": 157000000, "otherCurrentAssets": 472000000, "retainedEarnings": 12114000000, "otherLiab": 2008000000, "goodWill": 5684000000, "treasuryStock": -1440000000, "otherAssets": 3302000000, "cash": 848000000, "totalCurrentLiabilities": 4410000000, "deferredLongTermAssetCharges": 2144000000, "shortLongTermDebt": 963000000, "otherStockholderEquity": -306000000, "propertyPlantEquipment": 3497000000, "totalCurrentAssets": 6199000000, "netTangibleAssets": 3443000000, "netReceivables": 2361000000, "longTermDebt": 3137000000, "inventory": 1857000000, "accountsPayable": 1548000000}}, "quarterly": {"2022-06-24": {"intangibleAssets": 1355000000, "totalLiab": 10811000000, "totalStockholderEquity": 10434000000, "minorityInterest": 103000000, "otherCurrentLiab": 755000000, "totalAssets": 21348000000, "commonStock": 146000000, "otherCurrentAssets": 48000000, "retainedEarnings": 12084000000, "otherLiab": 2373000000, "goodWill": 5352000000, "treasuryStock": -1796000000, "otherAssets": 3346000000, "cash": 820000000, "totalCurrentLiabilities": 5058000000, "deferredLongTermAssetCharges": 2478000000, "shortLongTermDebt": 822000000, "otherStockholderEquity": -426000000, "propertyPlantEquipment": 3712000000, "totalCurrentAssets": 7583000000, "netTangibleAssets": 3727000000, "netReceivables": 3132000000, "longTermDebt": 3380000000, "inventory": 3028000000, "accountsPayable": 1917000000}, "2022-03-25": {"intangibleAssets": 1441000000, "totalLiab": 10902000000, "totalStockholderEquity": 10442000000, "minorityInterest": 107000000, "otherCurrentLiab": 905000000, "totalAssets": 21451000000, "commonStock": 148000000, "otherCurrentAssets": 66000000, "retainedEarnings": 12160000000, "otherLiab": 2413000000, "goodWill": 5463000000, "treasuryStock": -1866000000, "otherAssets": 3313000000, "cash": 749000000, "totalCurrentLiabilities": 5046000000, "deferredLongTermAssetCharges": 2466000000, "shortLongTermDebt": 612000000, "otherStockholderEquity": -97000000, "propertyPlantEquipment": 3817000000, "totalCurrentAssets": 7417000000, "netTangibleAssets": 3538000000, "netReceivables": 3068000000, "longTermDebt": 3443000000, "inventory": 2999000000, "accountsPayable": 1986000000}, "2021-12-24": {"intangibleAssets": 1509000000, "totalLiab": 10281000000, "totalStockholderEquity": 11020000000, "minorityInterest": 108000000, "otherCurrentLiab": 384000000, "totalAssets": 21409000000, "commonStock": 148000000, "otherCurrentAssets": 28000000, "retainedEarnings": 12285000000, "otherLiab": 2479000000, "goodWill": 5503000000, "treasuryStock": -1413000000, "otherAssets": 3326000000, "cash": 982000000, "totalCurrentLiabilities": 4274000000, "deferredLongTermAssetCharges": 2513000000, "shortLongTermDebt": 521000000, "otherStockholderEquity": -139000000, "propertyPlantEquipment": 3827000000, "totalCurrentAssets": 7244000000, "netTangibleAssets": 4008000000, "netReceivables": 2844000000, "longTermDebt": 3528000000, "inventory": 2845000000, "accountsPayable": 1964000000}, "2021-09-24": {"intangibleAssets": 1549000000, "totalLiab": 10714000000, "totalStockholderEquity": 10634000000, "minorityInterest": 114000000, "otherCurrentLiab": 1355000000, "totalAssets": 21462000000, "commonStock": 148000000, "otherCurrentAssets": 26000000, "retainedEarnings": 11709000000, "otherLiab": 2097000000, "goodWill": 5590000000, "treasuryStock": -1223000000, "otherAssets": 2838000000, "cash": 1203000000, "totalCurrentLiabilities": 4656000000, "deferredLongTermAssetCharges": 2499000000, "shortLongTermDebt": 554000000, "otherStockholderEquity": -168000000, "propertyPlantEquipment": 4222000000, "totalCurrentAssets": 7263000000, "netTangibleAssets": 3495000000, "netReceivables": 2928000000, "longTermDebt": 3627000000, "inventory": 2511000000, "accountsPayable": 1911000000}}}, "income": {"annual": {"2021-09-24": {"researchDevelopment": 677000000, "effectOfAccountingCharges": null, "incomeBeforeTax": 2378000000, "minorityInterest": 114000000, "netIncome": 2261000000, "sellingGeneralAdministrative": 1498000000, "grossProfit": 4887000000, "ebit": 2708000000, "operatingIncome": 2708000000, "otherOperatingExpenses": 4000000, "interestExpense": -56000000, "extraordinaryItems": null, "nonRecurring": null, "otherItems": null, "incomeTaxExpense": 123000000, "totalRevenue": 14923000000, "totalOperatingExpenses": 12215000000, "costOfRevenue": 10036000000, "totalOtherIncomeExpenseNet": -330000000, "discontinuedOperations": 6000000, "netIncomeFromContinuingOps": 2255000000, "netIncomeApplicableToCommonShares": 2261000000}, "2020-09-25": {"researchDevelopment": 613000000, "effectOfAccountingCharges": null, "incomeBeforeTax": 524000000, "minorityInterest": 112000000, "netIncome": -241000000, "sellingGeneralAdministrative": 1377000000, "grossProfit": 3735000000, "ebit": 1745000000, "operatingIncome": 1745000000, "otherOperatingExpenses": 4000000, "interestExpense": -48000000, "extraordinaryItems": null, "nonRecurring": null, "otherItems": null, "incomeTaxExpense": 783000000, "totalRevenue": 12172000000, "totalOperatingExpenses": 10427000000, "costOfRevenue": 8437000000, "totalOtherIncomeExpenseNet": -1221000000, "discontinuedOperations": 18000000, "netIncomeFromContinuingOps": -259000000, "netIncomeApplicableToCommonShares": -241000000}, "2019-09-27": {"researchDevelopment": 644000000, "effectOfAccountingCharges": null, "incomeBeforeTax": 1931000000, "minorityInterest": 112000000, "netIncome": 1844000000, "sellingGeneralAdministrative": 1490000000, "grossProfit": 4394000000, "ebit": 2260000000, "operatingIncome": 2260000000, "otherOperatingExpenses": 4000000, "interestExpense": -68000000, "extraordinaryItems": null, "nonRecurring": null, "otherItems": null, "incomeTaxExpense": -15000000, "totalRevenue": 13448000000, "totalOperatingExpenses": 11188000000, "costOfRevenue": 9054000000, "totalOtherIncomeExpenseNet": -329000000, "discontinuedOperations": -102000000, "netIncomeFromContinuingOps": 1946000000, "netIncomeApplicableToCommonShares": 1844000000}, "2018-09-28": {"researchDevelopment": 680000000, "effectOfAccountingCharges": null, "incomeBeforeTax": 2240000000, "minorityInterest": 112000000, "netIncome": 2565000000, "sellingGeneralAdministrative": 1591000000, "grossProfit": 4745000000, "ebit": 2486000000, "operatingIncome": 2486000000, "otherOperatingExpenses": -12000000, "interestExpense": -107000000, "extraordinaryItems": null, "nonRecurring": null, "otherItems": null, "incomeTaxExpense": -344000000, "totalRevenue": 13988000000, "totalOperatingExpenses": 11502000000, "costOfRevenue": 9243000000, "totalOtherIncomeExpenseNet": -246000000, "discontinuedOperations": -19000000, "netIncomeFromContinuingOps": 2584000000, "netIncomeApplicableToCommonShares": 2565000000}}, "quarterly": {"2022-06-24": {"researchDevelopment": 179000000, "effectOfAccountingCharges": null, "incomeBeforeTax": 708000000, "minorityInterest": 103000000, "netIncome": 594000000, "sellingGeneralAdministrative": 387000000, "grossProfit": 1332000000, "ebit": 766000000, "operatingIncome": 766000000, "otherOperatingExpenses": null, "interestExpense": -18000000, "extraordinaryItems": null, "nonRecurring": null, "otherItems": null, "incomeTaxExpense": 116000000, "totalRevenue": 4097000000, "totalOperatingExpenses": 3331000000, "costOfRevenue": 2765000000, "totalOtherIncomeExpenseNet": -58000000, "discontinuedOperations": 2000000, "netIncomeFromContinuingOps": 592000000, "netIncomeApplicableToCommonShares": 594000000}, "2022-03-25": {"researchDevelopment": 185000000, "effectOfAccountingCharges": null, "incomeBeforeTax": 696000000, "minorityInterest": 107000000, "netIncome": 560000000, "sellingGeneralAdministrative": 410000000, "grossProfit": 1337000000, "ebit": 742000000, "operatingIncome": 742000000, "otherOperatingExpenses": null, "interestExpense": -18000000, "extraordinaryItems": null, "nonRecurring": null, "otherItems": null, "incomeTaxExpense": 136000000, "totalRevenue": 4007000000, "totalOperatingExpenses": 3265000000, "costOfRevenue": 2670000000, "totalOtherIncomeExpenseNet": -46000000, "discontinuedOperations": 2000000, "netIncomeFromContinuingOps": 560000000, "netIncomeApplicableToCommonShares": 560000000}, "2021-12-24": {"researchDevelopment": 175000000, "effectOfAccountingCharges": null, "incomeBeforeTax": 677000000, "minorityInterest": 108000000, "netIncome": 566000000, "sellingGeneralAdministrative": 358000000, "grossProfit": 1242000000, "ebit": 709000000, "operatingIncome": 709000000, "otherOperatingExpenses": null, "interestExpense": -12000000, "extraordinaryItems": null, "nonRecurring": null, "otherItems": null, "incomeTaxExpense": 110000000, "totalRevenue": 3818000000, "totalOperatingExpenses": 3109000000, "costOfRevenue": 2576000000, "totalOtherIncomeExpenseNet": -32000000, "discontinuedOperations": -1000000, "netIncomeFromContinuingOps": 567000000, "netIncomeApplicableToCommonShares": 566000000}, "2021-09-24": {"researchDevelopment": 173000000, "effectOfAccountingCharges": null, "incomeBeforeTax": 627000000, "minorityInterest": 114000000, "netIncome": 794000000, "sellingGeneralAdministrative": 381000000, "grossProfit": 1263000000, "ebit": 709000000, "operatingIncome": 709000000, "otherOperatingExpenses": null, "interestExpense": -14000000, "extraordinaryItems": null, "nonRecurring": null, "otherItems": null, "incomeTaxExpense": -167000000, "totalRevenue": 3818000000, "totalOperatingExpenses": 3109000000, "costOfRevenue": 2555000000, "totalOtherIncomeExpenseNet": -82000000, "discontinuedOperations": -1000000, "netIncomeFromContinuingOps": 794000000, "netIncomeApplicableToCommonShares": 794000000}}}, "cash": {"annual": {"2021-09-24": {"changeToLiabilities": 560000000, "totalCashflowsFromInvestingActivities": -1037000000, "netBorrowings": -47000000, "totalCashFromFinancingActivities": -1386000000, "changeToOperatingActivities": 215000000, "issuanceOfStock": 167000000, "netIncome": 2261000000, "changeInCash": 258000000, "repurchaseOfStock": -831000000, "effectOfExchangeRate": 5000000, "totalCashFromOperatingActivities": 2676000000, "depreciation": 769000000, "otherCashflowsFromInvestingActivities": -10000000, "dividendsPaid": -647000000, "changeToInventory": -556000000, "changeToAccountReceivables": -518000000, "otherCashflowsFromFinancingActivities": -28000000, "changeToNetincome": -161000000, "capitalExpenditures": -690000000}, "2020-09-25": {"changeToLiabilities": -80000000, "totalCashflowsFromInvestingActivities": -865000000, "netBorrowings": 22000000, "totalCashFromFinancingActivities": -1105000000, "changeToOperatingActivities": 95000000, "issuanceOfStock": 55000000, "netIncome": -241000000, "changeInCash": 18000000, "repurchaseOfStock": -523000000, "effectOfExchangeRate": -4000000, "totalCashFromOperatingActivities": 1992000000, "depreciation": 711000000, "otherCashflowsFromInvestingActivities": 17000000, "dividendsPaid": -625000000, "changeToInventory": -89000000, "changeToAccountReceivables": -63000000, "otherCashflowsFromFinancingActivities": -34000000, "changeToNetincome": 1668000000, "capitalExpenditures": -560000000}, "2019-09-27": {"changeToLiabilities": -178000000, "totalCashflowsFromInvestingActivities": -692000000, "netBorrowings": 4000000, "totalCashFromFinancingActivities": -1643000000, "changeToOperatingActivities": 85000000, "issuanceOfStock": 85000000, "netIncome": 1844000000, "changeInCash": 79000000, "repurchaseOfStock": -1091000000, "effectOfExchangeRate": -8000000, "totalCashFromOperatingActivities": 2422000000, "depreciation": 690000000, "otherCashflowsFromInvestingActivities": 17000000, "dividendsPaid": -608000000, "changeToInventory": 64000000, "changeToAccountReceivables": 31000000, "otherCashflowsFromFinancingActivities": -33000000, "changeToNetincome": 21000000, "capitalExpenditures": -749000000}, "2018-09-28": {"changeToLiabilities": 201000000, "totalCashflowsFromInvestingActivities": -1094000000, "netBorrowings": -319000000, "totalCashFromFinancingActivities": -1722000000, "changeToOperatingActivities": -28000000, "issuanceOfStock": 100000000, "netIncome": 2565000000, "changeInCash": -370000000, "repurchaseOfStock": -879000000, "effectOfExchangeRate": -5000000, "totalCashFromOperatingActivities": 2451000000, "depreciation": 667000000, "otherCashflowsFromInvestingActivities": -29000000, "dividendsPaid": -588000000, "changeToInventory": -247000000, "changeToAccountReceivables": -269000000, "otherCashflowsFromFinancingActivities": -36000000, "changeToNetincome": -492000000, "capitalExpenditures": -935000000}}, "quarterly": {"2022-06-24": {"changeToLiabilities": -63000000, "totalCashflowsFromInvestingActivities": -185000000, "netBorrowings": 237000000, "totalCashFromFinancingActivities": -318000000, "changeToOperatingActivities": -92000000, "issuanceOfStock": 4000000, "netIncome": 594000000, "changeInCash": 71000000, "repurchaseOfStock": -378000000, "effectOfExchangeRate": -5000000, "totalCashFromOperatingActivities": 579000000, "depreciation": 205000000, "otherCashflowsFromInvestingActivities": -1000000, "dividendsPaid": -180000000, "changeToInventory": -28000000, "changeToAccountReceivables": -51000000, "otherCashflowsFromFinancingActivities": -1000000, "changeToNetincome": -12000000, "capitalExpenditures": -205000000}, "2022-03-25": {"changeToLiabilities": 0, "totalCashflowsFromInvestingActivities": -184000000, "netBorrowings": 106000000, "totalCashFromFinancingActivities": -460000000, "changeToOperatingActivities": -129000000, "issuanceOfStock": 8000000, "netIncome": 560000000, "changeInCash": -233000000, "repurchaseOfStock": -404000000, "effectOfExchangeRate": -2000000, "totalCashFromOperatingActivities": 413000000, "depreciation": 194000000, "otherCashflowsFromInvestingActivities": 4000000, "dividendsPaid": -163000000, "changeToInventory": -147000000, "changeToAccountReceivables": -205000000, "otherCashflowsFromFinancingActivities": -7000000, "changeToNetincome": 147000000, "capitalExpenditures": -179000000}, "2021-12-24": {"changeToLiabilities": 15000000, "totalCashflowsFromInvestingActivities": -199000000, "netBorrowings": -76000000, "totalCashFromFinancingActivities": -552000000, "changeToOperatingActivities": -257000000, "issuanceOfStock": 22000000, "netIncome": 566000000, "changeInCash": -221000000, "repurchaseOfStock": -304000000, "effectOfExchangeRate": -2000000, "totalCashFromOperatingActivities": 532000000, "depreciation": 198000000, "otherCashflowsFromInvestingActivities": 3000000, "dividendsPaid": -163000000, "changeToInventory": -264000000, "changeToAccountReceivables": 148000000, "otherCashflowsFromFinancingActivities": -31000000, "changeToNetincome": 92000000, "capitalExpenditures": -172000000}, "2021-09-24": {"changeToLiabilities": -86000000, "totalCashflowsFromInvestingActivities": -540000000, "netBorrowings": -2000000, "totalCashFromFinancingActivities": -443000000, "changeToOperatingActivities": 39000000, "issuanceOfStock": 37000000, "netIncome": 794000000, "changeInCash": -213000000, "repurchaseOfStock": -313000000, "effectOfExchangeRate": -4000000, "totalCashFromOperatingActivities": 774000000, "depreciation": 179000000, "otherCashflowsFromInvestingActivities": -8000000, "dividendsPaid": -164000000, "changeToInventory": -74000000, "changeToAccountReceivables": 120000000, "otherCashflowsFromFinancingActivities": -1000000, "changeToNetincome": -243000000, "capitalExpenditures": -236000000}}}}, "GWW": {"balance": {"annual": {"2021-12-31": {"intangibleAssets": 238000000, "capitalSurplus": 1270000000, "totalLiab": 4432000000, "totalStockholderEquity": 1874000000, "minorityInterest": 286000000, "otherCurrentLiab": 37000000, "totalAssets": 6592000000, "commonStock": 55000000, "retainedEarnings": 9500000000, "otherLiab": 208000000, "goodWill": 384000000, "treasuryStock": -8951000000, "otherAssets": 141000000, "cash": 241000000, "totalCurrentLiabilities": 1528000000, "otherStockholderEquity": -96000000, "propertyPlantEquipment": 1817000000, "totalCurrentAssets": 4011000000, "longTermInvestments": 1000000, "netTangibleAssets": 1252000000, "netReceivables": 1754000000, "longTermDebt": 2362000000, "inventory": 1870000000, "accountsPayable": 816000000}, "2020-12-31": {"intangibleAssets": 228000000, "capitalSurplus": 1239000000, "totalLiab": 4202000000, "totalStockholderEquity": 1828000000, "minorityInterest": 265000000, "otherCurrentLiab": 42000000, "totalAssets": 6295000000, "commonStock": 55000000, "retainedEarnings": 8779000000, "otherLiab": 210000000, "goodWill": 391000000, "treasuryStock": -8245000000, "otherAssets": 131000000, "cash": 585000000, "totalCurrentLiabilities": 1441000000, "shortLongTermDebt": 8000000, "otherStockholderEquity": -61000000, "propertyPlantEquipment": 1605000000, "totalCurrentAssets": 3919000000, "longTermInvestments": 21000000, "netTangibleAssets": 1209000000, "netReceivables": 1474000000, "longTermDebt": 2389000000, "inventory": 1733000000, "accountsPayable": 779000000}, "2019-12-31": {"intangibleAssets": 304000000, "capitalSurplus": 1182000000, "totalLiab": 3945000000, "totalStockholderEquity": 1855000000, "minorityInterest": 205000000, "otherCurrentLiab": 27000000, "totalAssets": 6005000000, "commonStock": 55000000, "otherCurrentAssets": 11000000, "retainedEarnings": 8405000000, "otherLiab": 353000000, "goodWill": 429000000, "treasuryStock": -7787000000, "otherAssets": 317000000, "cash": 360000000, "totalCurrentLiabilities": 1678000000, "deferredLongTermAssetCharges": 11000000, "shortLongTermDebt": 246000000, "otherStockholderEquity": -154000000, "propertyPlantEquipment": 1400000000, "totalCurrentAssets": 3555000000, "netTangibleAssets": 1122000000, "netReceivables": 1425000000, "longTermDebt": 1914000000, "inventory": 1655000000, "accountsPayable": 719000000}, "2018-12-31": {"intangibleAssets": 460000000, "capitalSurplus": 1134000000, "totalLiab": 3780000000, "totalStockholderEquity": 1921000000, "minorityInterest": 172000000, "otherCurrentLiab": 29000000, "totalAssets": 5873000000, "commonStock": 55000000, "otherCurrentAssets": 10000000, "retainedEarnings": 7869000000, "otherLiab": 189000000, "goodWill": 424000000, "treasuryStock": -7137000000, "otherAssets": 80000000, "cash": 538000000, "totalCurrentLiabilities": 1501000000, "deferredLongTermAssetCharges": 12000000, "shortLongTermDebt": 81000000, "otherStockholderEquity": -171000000, "propertyPlantEquipment": 1352000000, "totalCurrentAssets": 3557000000, "netTangibleAssets": 1037000000, "netReceivables": 1385000000, "longTermDebt": 2090000000, "inventory": 1541000000, "accountsPayable": 678000000}}, "quarterly": {"2022-06-30": {"intangibleAssets": 227000000, "capitalSurplus": 1287000000, "totalLiab": 4584000000, "totalStockholderEquity": 2201000000, "minorityInterest": 264000000, "otherCurrentLiab": 32000000, "totalAssets": 7049000000, "commonStock": 55000000, "retainedEarnings": 10066000000, "otherLiab": 220000000, "goodWill": 374000000, "treasuryStock": -9207000000, "otherAssets": 160000000, "cash": 262000000, "totalCurrentLiabilities": 1750000000, "shortLongTermDebt": 17000000, "otherStockholderEquity": -165000000, "propertyPlantEquipment": 1775000000, "totalCurrentAssets": 4513000000, "netTangibleAssets": 1600000000, "netReceivables": 2099000000, "longTermDebt": 2332000000, "inventory": 1990000000, "accountsPayable": 1054000000}, "2022-03-31": {"intangibleAssets": 229000000, "capitalSurplus": 1280000000, "totalLiab": 4623000000, "totalStockholderEquity": 2081000000, "minorityInterest": 289000000, "otherCurrentLiab": 94000000, "totalAssets": 6993000000, "commonStock": 55000000, "retainedEarnings": 9782000000, "otherLiab": 222000000, "goodWill": 384000000, "treasuryStock": -9036000000, "otherAssets": 146000000, "cash": 364000000, "totalCurrentLiabilities": 1742000000, "otherStockholderEquity": -109000000, "propertyPlantEquipment": 1795000000, "totalCurrentAssets": 4439000000, "netTangibleAssets": 1468000000, "netReceivables": 2001000000, "longTermDebt": 2356000000, "inventory": 1929000000, "accountsPayable": 1038000000}, "2021-12-31": {"intangibleAssets": 238000000, "capitalSurplus": 1270000000, "totalLiab": 4432000000, "totalStockholderEquity": 1874000000, "minorityInterest": 286000000, "otherCurrentLiab": 37000000, "totalAssets": 6592000000, "commonStock": 55000000, "retainedEarnings": 9500000000, "otherLiab": 208000000, "goodWill": 384000000, "treasuryStock": -8951000000, "otherAssets": 141000000, "cash": 241000000, "totalCurrentLiabilities": 1528000000, "otherStockholderEquity": -96000000, "propertyPlantEquipment": 1817000000, "totalCurrentAssets": 4011000000, "longTermInvestments": 1000000, "netTangibleAssets": 1252000000, "netReceivables": 1754000000, "longTermDebt": 2362000000, "inventory": 1870000000, "accountsPayable": 816000000}, "2021-09-30": {"intangibleAssets": 233000000, "capitalSurplus": 1255000000, "totalLiab": 4273000000, "totalStockholderEquity": 1827000000, "minorityInterest": 290000000, "otherCurrentLiab": 22000000, "totalAssets": 6390000000, "commonStock": 55000000, "retainedEarnings": 9301000000, "otherLiab": 351000000, "goodWill": 387000000, "treasuryStock": -8784000000, "otherAssets": 327000000, "cash": 328000000, "totalCurrentLiabilities": 1550000000, "otherStockholderEquity": -94000000, "propertyPlantEquipment": 1429000000, "totalCurrentAssets": 4005000000, "longTermInvestments": 9000000, "netTangibleAssets": 1207000000, "netReceivables": 1742000000, "longTermDebt": 2372000000, "inventory": 1786000000, "accountsPayable": 933000000}}}, "income": {"annual": {"2021-12-31": {"researchDevelopment": null, "effectOfAccountingCharges": null, "incomeBeforeTax": 1485000000, "minorityInterest": 286000000, "netIncome": 1043000000, "sellingGeneralAdministrative": 3088000000, "grossProfit": 4720000000, "ebit": 1569000000, "operatingIncome": 1569000000, "otherOperatingExpenses": null, "interestExpense": -87000000, "extraordinaryItems": null, "nonRecurring": null, "otherItems": null, "incomeTaxExpense": 371000000, "totalRevenue": 13022000000, "totalOperatingExpenses": 11453000000, "costOfRevenue": 8302000000, "totalOtherIncomeExpenseNet": -84000000, "discontinuedOperations": null, "netIncomeFromContinuingOps": 1114000000, "netIncomeApplicableToCommonShares": 1043000000}, "2020-12-31": {"researchDevelopment": null, "effectOfAccountingCharges": null, "incomeBeforeTax": 947000000, "minorityInterest": 265000000, "netIncome": 695000000, "sellingGeneralAdministrative": 2938000000, "grossProfit": 4238000000, "ebit": 1240000000, "operatingIncome": 1240000000, "otherOperatingExpenses": null, "interestExpense": -93000000, "extraordinaryItems": null, "nonRecurring": null, "otherItems": null, "incomeTaxExpense": 192000000, "totalRevenue": 11797000000, "totalOperatingExpenses": 10557000000, "costOfRevenue": 7559000000, "totalOtherIncomeExpenseNet": -293000000, "discontinuedOperations": null, "netIncomeFromContinuingOps": 755000000, "netIncomeApplicableToCommonShares": 695000000}, "2019-12-31": {"researchDevelopment": null, "effectOfAccountingCharges": null, "incomeBeforeTax": 1209000000, "minorityInterest": 205000000, "netIncome": 849000000, "sellingGeneralAdministrative": 2912000000, "grossProfit": 4397000000, "ebit": 1407000000, "operatingIncome": 1407000000, "otherOperatingExpenses": null, "interestExpense": -79000000, "extraordinaryItems": null, "nonRecurring": null, "otherItems": null, "incomeTaxExpense": 314000000, "totalRevenue": 11486000000, "totalOperatingExpenses": 10079000000, "costOfRevenue": 7089000000, "totalOtherIncomeExpenseNet": -198000000, "discontinuedOperations": null, "netIncomeFromContinuingOps": 895000000, "netIncomeApplicableToCommonShares": 849000000}, "2018-12-31": {"researchDevelopment": null, "effectOfAccountingCharges": null, "incomeBeforeTax": 1081000000, "minorityInterest": 172000000, "netIncome": 782000000, "sellingGeneralAdministrative": 2909000000, "grossProfit": 4348000000, "ebit": 1347000000, "operatingIncome": 1347000000, "otherOperatingExpenses": null, "interestExpense": -82000000, "extraordinaryItems": null, "nonRecurring": null, "otherItems": null, "incomeTaxExpense": 258000000, "totalRevenue": 11221000000, "totalOperatingExpenses": 9874000000, "costOfRevenue": 6873000000, "totalOtherIncomeExpenseNet": -266000000, "discontinuedOperations": null, "netIncomeFromContinuingOps": 823000000, "netIncomeApplicableToCommonShares": 782000000}}, "quarterly": {"2022-06-30": {"researchDevelopment": null, "effectOfAccountingCharges": null, "incomeBeforeTax": 517000000, "minorityInterest": 264000000, "netIncome": 371000000, "sellingGeneralAdministrative": 907000000, "grossProfit": 1441000000, "ebit": 534000000, "operatingIncome": 534000000, "otherOperatingExpenses": null, "interestExpense": -22000000, "extraordinaryItems": null, "nonRecurring": null, "otherItems": null, "incomeTaxExpense": 128000000, "totalRevenue": 3837000000, "totalOperatingExpenses": 3303000000, "costOfRevenue": 2396000000, "totalOtherIncomeExpenseNet": -17000000, "discontinuedOperations": null, "netIncomeFromContinuingOps": 389000000, "netIncomeApplicableToCommonShares": 371000000}, "2022-03-31": {"researchDevelopment": null, "effectOfAccountingCharges": null, "incomeBeforeTax": 517000000, "minorityInterest": 289000000, "netIncome": 366000000, "sellingGeneralAdministrative": 849000000, "grossProfit": 1383000000, "ebit": 534000000, "operatingIncome": 534000000, "otherOperatingExpenses": null, "interestExpense": -23000000, "extraordinaryItems": null, "nonRecurring": null, "otherItems": null, "incomeTaxExpense": 132000000, "totalRevenue": 3647000000, "totalOperatingExpenses": 3113000000, "costOfRevenue": 2264000000, "totalOtherIncomeExpenseNet": -17000000, "discontinuedOperations": null, "netIncomeFromContinuingOps": 385000000, "netIncomeApplicableToCommonShares": 366000000}, "2021-12-31": {"researchDevelopment": null, "effectOfAccountingCharges": null, "incomeBeforeTax": 401000000, "minorityInterest": 286000000, "netIncome": 283000000, "sellingGeneralAdministrative": 751000000, "grossProfit": 1253000000, "ebit": 439000000, "operatingIncome": 439000000, "otherOperatingExpenses": null, "interestExpense": -22000000, "extraordinaryItems": null, "nonRecurring": null, "otherItems": null, "incomeTaxExpense": 100000000, "totalRevenue": 3359000000, "totalOperatingExpenses": 2920000000, "costOfRevenue": 2106000000, "totalOtherIncomeExpenseNet": -38000000, "discontinuedOperations": null, "netIncomeFromContinuingOps": 301000000, "netIncomeApplicableToCommonShares": 283000000}, "2021-09-30": {"researchDevelopment": null, "effectOfAccountingCharges": null, "incomeBeforeTax": 422000000, "minorityInterest": 290000000, "netIncome": 297000000, "sellingGeneralAdministrative": 812000000, "grossProfit": 1250000000, "ebit": 438000000, "operatingIncome": 438000000, "otherOperatingExpenses": null, "interestExpense": -22000000, "extraordinaryItems": null, "nonRecurring": null, "otherItems": null, "incomeTaxExpense": 107000000, "totalRevenue": 3372000000, "totalOperatingExpenses": 2934000000, "costOfRevenue": 2122000000, "totalOtherIncomeExpenseNet": -16000000, "discontinuedOperations": null, "netIncomeFromContinuingOps": 315000000, "netIncomeApplicableToCommonShares": 297000000}}}, "cash": {"annual": {"2021-12-31": {"changeToLiabilities": 54000000, "totalCashflowsFromInvestingActivities": -226000000, "netBorrowings": -8000000, "totalCashFromFinancingActivities": -1039000000, "changeToOperatingActivities": 5000000, "issuanceOfStock": 48000000, "netIncome": 1043000000, "changeInCash": -344000000, "repurchaseOfStock": -725000000, "effectOfExchangeRate": -16000000, "totalCashFromOperatingActivities": 937000000, "depreciation": 185000000, "dividendsPaid": -334000000, "changeToInventory": -152000000, "changeToAccountReceivables": -324000000, "otherCashflowsFromFinancingActivities": -20000000, "changeToNetincome": 152000000, "capitalExpenditures": -255000000}, "2020-12-31": {"changeToLiabilities": 80000000, "totalCashflowsFromInvestingActivities": -179000000, "netBorrowings": 161000000, "totalCashFromFinancingActivities": -726000000, "changeToOperatingActivities": 5000000, "issuanceOfStock": 70000000, "netIncome": 695000000, "changeInCash": 225000000, "repurchaseOfStock": -619000000, "effectOfExchangeRate": 7000000, "totalCashFromOperatingActivities": 1123000000, "depreciation": 182000000, "otherCashflowsFromInvestingActivities": -2000000, "dividendsPaid": -320000000, "changeToInventory": -158000000, "changeToAccountReceivables": -121000000, "otherCashflowsFromFinancingActivities": -18000000, "changeToNetincome": 416000000, "capitalExpenditures": -197000000}, "2019-12-31": {"investments": 2000000, "changeToLiabilities": 32000000, "totalCashflowsFromInvestingActivities": -202000000, "netBorrowings": -37000000, "totalCashFromFinancingActivities": -1023000000, "changeToOperatingActivities": -136000000, "issuanceOfStock": 49000000, "netIncome": 849000000, "changeInCash": -178000000, "repurchaseOfStock": -711000000, "effectOfExchangeRate": 5000000, "totalCashFromOperatingActivities": 1042000000, "depreciation": 229000000, "otherCashflowsFromInvestingActivities": -2000000, "dividendsPaid": -312000000, "changeToInventory": -106000000, "changeToAccountReceivables": -42000000, "otherCashflowsFromFinancingActivities": -12000000, "changeToNetincome": 219000000, "capitalExpenditures": -221000000}, "2018-12-31": {"investments": 2000000, "changeToLiabilities": -51000000, "totalCashflowsFromInvestingActivities": -166000000, "netBorrowings": -101000000, "totalCashFromFinancingActivities": -670000000, "changeToOperatingActivities": -11000000, "issuanceOfStock": 181000000, "netIncome": 782000000, "changeInCash": 211000000, "repurchaseOfStock": -437000000, "effectOfExchangeRate": -10000000, "totalCashFromOperatingActivities": 1057000000, "depreciation": 257000000, "otherCashflowsFromInvestingActivities": -13000000, "dividendsPaid": -302000000, "changeToInventory": -129000000, "changeToAccountReceivables": -79000000, "otherCashflowsFromFinancingActivities": -11000000, "changeToNetincome": 252000000, "capitalExpenditures": -239000000}}, "quarterly": {"2022-06-30": {"changeToLiabilities": 35000000, "totalCashflowsFromInvestingActivities": -115000000, "totalCashFromFinancingActivities": -229000000, "changeToOperatingActivities": 34000000, "issuanceOfStock": 9000000, "netIncome": 371000000, "changeInCash": -102000000, "repurchaseOfStock": -137000000, "effectOfExchangeRate": -8000000, "totalCashFromOperatingActivities": 250000000, "depreciation": 55000000, "otherCashflowsFromInvestingActivities": -11000000, "dividendsPaid": -87000000, "changeToInventory": -84000000, "changeToAccountReceivables": -135000000, "otherCashflowsFromFinancingActivities": -14000000, "changeToNetincome": 50000000, "capitalExpenditures": -106000000}, "2022-03-31": {"changeToLiabilities": 228000000, "totalCashflowsFromInvestingActivities": -57000000, "totalCashFromFinancingActivities": -159000000, "changeToOperatingActivities": -100000000, "issuanceOfStock": 6000000, "netIncome": 366000000, "changeInCash": 123000000, "repurchaseOfStock": -81000000, "effectOfExchangeRate": -4000000, "totalCashFromOperatingActivities": 343000000, "depreciation": 52000000, "otherCashflowsFromInvestingActivities": -11000000, "dividendsPaid": -84000000, "changeToInventory": -65000000, "changeToAccountReceivables": -263000000, "otherCashflowsFromFinancingActivities": -14000000, "changeToNetincome": 39000000, "capitalExpenditures": -57000000}, "2021-12-31": {"changeToLiabilities": -113000000, "totalCashflowsFromInvestingActivities": -46000000, "totalCashFromFinancingActivities": -249000000, "changeToOperatingActivities": 29000000, "issuanceOfStock": 17000000, "netIncome": 283000000, "changeInCash": -87000000, "repurchaseOfStock": -171000000, "effectOfExchangeRate": -5000000, "totalCashFromOperatingActivities": 213000000, "depreciation": 48000000, "otherCashflowsFromInvestingActivities": -11000000, "dividendsPaid": -84000000, "changeToInventory": -88000000, "changeToAccountReceivables": -26000000, "otherCashflowsFromFinancingActivities": -11000000, "changeToNetincome": 64000000, "capitalExpenditures": -58000000}, "2021-09-30": {"changeToLiabilities": -11000000, "totalCashflowsFromInvestingActivities": -50000000, "totalCashFromFinancingActivities": -327000000, "changeToOperatingActivities": -6000000, "issuanceOfStock": 1000000, "netIncome": 297000000, "changeInCash": -219000000, "repurchaseOfStock": -243000000, "effectOfExchangeRate": -3000000, "totalCashFromOperatingActivities": 161000000, "depreciation": 45000000, "otherCashflowsFromInvestingActivities": -11000000, "dividendsPaid": -85000000, "changeToInventory": -86000000, "changeToAccountReceivables": -118000000, "otherCashflowsFromFinancingActivities": -11000000, "changeToNetincome": 32000000, "capitalExpenditures": -50000000}}}}, "GPC": {"balance": {"annual": {"2021-12-31": {"intangibleAssets": 1406401000, "capitalSurplus": 119975000, "totalLiab": 10848812000, "totalStockholderEquity": 3490742000, "minorityInterest": 12548000, "otherCurrentLiab": 1483523000, "totalAssets": 14352102000, "commonStock": 142181000, "otherCurrentAssets": 73819000, "retainedEarnings": 4086325000, "otherLiab": 1068691000, "goodWill": 1915307000, "treasuryStock": -857739000, "otherAssets": 985884000, "cash": 714701000, "totalCurrentLiabilities": 6581583000, "deferredLongTermAssetCharges": 829000, "otherStockholderEquity": -857739000, "propertyPlantEquipment": 2288088000, "totalCurrentAssets": 7756422000, "netTangibleAssets": 169034000, "netReceivables": 1797955000, "longTermDebt": 2409363000, "inventory": 3889919000, "accountsPayable": 4804939000}, "2020-12-31": {"intangibleAssets": 1498257000, "capitalSurplus": 117165000, "totalLiab": 10222212000, "totalStockholderEquity": 3204796000, "minorityInterest": 13207000, "otherCurrentLiab": 1317158000, "totalAssets": 13440215000, "commonStock": 144354000, "otherCurrentAssets": 7668000, "retainedEarnings": 3979779000, "otherLiab": 1022220000, "goodWill": 1917477000, "treasuryStock": -1036502000, "otherAssets": 709798000, "cash": 990166000, "totalCurrentLiabilities": 5894084000, "deferredLongTermAssetCharges": 65658000, "shortLongTermDebt": 160531000, "otherStockholderEquity": -1036502000, "propertyPlantEquipment": 2200920000, "totalCurrentAssets": 7113763000, "netTangibleAssets": -210938000, "netReceivables": 1556966000, "longTermDebt": 2516614000, "inventory": 3506271000, "accountsPayable": 4128084000}, "2019-12-31": {"intangibleAssets": 1492097000, "capitalSurplus": 98777000, "totalLiab": 10950129000, "totalStockholderEquity": 3674707000, "minorityInterest": 20793000, "otherCurrentLiab": 1530386000, "totalAssets": 14645629000, "commonStock": 145378000, "otherCurrentAssets": 754216000, "retainedEarnings": 4571860000, "otherLiab": 997434000, "goodWill": 2293519000, "treasuryStock": -1141308000, "otherAssets": 752042000, "cash": 276992000, "totalCurrentLiabilities": 6394120000, "deferredLongTermAssetCharges": 45921000, "shortLongTermDebt": 648835000, "otherStockholderEquity": -1141308000, "propertyPlantEquipment": 2169355000, "totalCurrentAssets": 7938616000, "netTangibleAssets": -110909000, "netReceivables": 2440252000, "longTermDebt": 2802056000, "inventory": 3443876000, "accountsPayable": 3948000000}, "2018-12-31": {"intangibleAssets": 1411642000, "capitalSurplus": 78380000, "totalLiab": 9211049000, "totalStockholderEquity": 3450451000, "minorityInterest": 21540000, "otherCurrentLiab": 1178239000, "totalAssets": 12683040000, "commonStock": 145937000, "otherCurrentAssets": 6006000, "retainedEarnings": 4341212000, "otherLiab": 878183000, "goodWill": 2128776000, "treasuryStock": -1115078000, "otherAssets": 539701000, "cash": 333547000, "totalCurrentLiabilities": 5900733000, "deferredLongTermAssetCharges": 29509000, "shortLongTermDebt": 717492000, "otherStockholderEquity": -1115078000, "propertyPlantEquipment": 1027231000, "totalCurrentAssets": 7575690000, "netTangibleAssets": -89967000, "netReceivables": 2493636000, "longTermDebt": 2432133000, "inventory": 3609389000, "accountsPayable": 3995789000}}, "quarterly": {"2022-06-30": {"intangibleAssets": 1853222000, "capitalSurplus": 123388000, "totalLiab": 12584624000, "totalStockholderEquity": 3640556000, "minorityInterest": 13007000, "otherCurrentLiab": 1870155000, "totalAssets": 16238187000, "commonStock": 141281000, "otherCurrentAssets": 172393000, "retainedEarnings": 4329115000, "otherLiab": 1185869000, "goodWill": 2538240000, "treasuryStock": -953228000, "otherAssets": 1015984000, "cash": 519131000, "totalCurrentLiabilities": 7293860000, "shortLongTermDebt": 14118000, "otherStockholderEquity": -953228000, "propertyPlantEquipment": 2304473000, "totalCurrentAssets": 8526268000, "netTangibleAssets": -750906000, "netReceivables": 2235453000, "longTermDebt": 3304223000, "inventory": 4296191000, "accountsPayable": 5409587000}, "2022-03-31": {"intangibleAssets": 1935153000, "capitalSurplus": 126064000, "totalLiab": 12665435000, "totalStockholderEquity": 3595740000, "minorityInterest": 12136000, "otherCurrentLiab": 1914992000, "totalAssets": 16273311000, "commonStock": 141628000, "otherCurrentAssets": 97842000, "retainedEarnings": 4132925000, "otherLiab": 1180710000, "goodWill": 2534521000, "treasuryStock": -804877000, "otherAssets": 1011354000, "cash": 610776000, "totalCurrentLiabilities": 7249532000, "shortLongTermDebt": 120000000, "otherStockholderEquity": -804877000, "propertyPlantEquipment": 2364849000, "totalCurrentAssets": 8427434000, "netTangibleAssets": -873934000, "netReceivables": 2137806000, "longTermDebt": 3387851000, "inventory": 4211496000, "accountsPayable": 5214540000}, "2021-12-31": {"intangibleAssets": 1406401000, "capitalSurplus": 119975000, "totalLiab": 10848812000, "totalStockholderEquity": 3490742000, "minorityInterest": 12548000, "otherCurrentLiab": 1483523000, "totalAssets": 14352102000, "commonStock": 142181000, "otherCurrentAssets": 73819000, "retainedEarnings": 4086325000, "otherLiab": 1068691000, "goodWill": 1915307000, "treasuryStock": -857739000, "otherAssets": 985884000, "cash": 714701000, "totalCurrentLiabilities": 6581583000, "deferredLongTermAssetCharges": 829000, "otherStockholderEquity": -857739000, "propertyPlantEquipment": 2288088000, "totalCurrentAssets": 7756422000, "netTangibleAssets": 169034000, "netReceivables": 1797955000, "longTermDebt": 2409363000, "inventory": 3889919000, "accountsPayable": 4804939000}, "2021-09-30": {"intangibleAssets": 1409886000, "capitalSurplus": 118223000, "totalLiab": 10778380000, "totalStockholderEquity": 3183177000, "minorityInterest": 13381000, "otherCurrentLiab": 1718239000, "totalAssets": 13974938000, "commonStock": 142503000, "otherCurrentAssets": 59397000, "retainedEarnings": 3995537000, "otherLiab": 1026768000, "goodWill": 1890821000, "treasuryStock": -1073086000, "otherAssets": 743949000, "cash": 919097000, "totalCurrentLiabilities": 6537323000, "deferredLongTermAssetCharges": 43726000, "otherStockholderEquity": -1073086000, "propertyPlantEquipment": 2148098000, "totalCurrentAssets": 7782184000, "netTangibleAssets": -117530000, "netReceivables": 1888253000, "longTermDebt": 2432539000, "inventory": 3748418000, "accountsPayable": 4819084000}}}, "income": {"annual": {"2021-12-31": {"researchDevelopment": null, "effectOfAccountingCharges": null, "incomeBeforeTax": 1200346000, "minorityInterest": 12548000, "netIncome": 898790000, "sellingGeneralAdministrative": 5053543000, "grossProfit": 6634136000, "ebit": 1271883000, "operatingIncome": 1271883000, "otherOperatingExpenses": null, "interestExpense": -62150000, "extraordinaryItems": null, "nonRecurring": null, "otherItems": null, "incomeTaxExpense": 301556000, "totalRevenue": 18870510000, "totalOperatingExpenses": 17598627000, "costOfRevenue": 12236374000, "totalOtherIncomeExpenseNet": -71537000, "discontinuedOperations": null, "netIncomeFromContinuingOps": 898790000, "netIncomeApplicableToCommonShares": 898790000}, "2020-12-31": {"researchDevelopment": null, "effectOfAccountingCharges": null, "incomeBeforeTax": 379368000, "minorityInterest": 13207000, "netIncome": -29102000, "sellingGeneralAdministrative": 4356665000, "grossProfit": 5654841000, "ebit": 1001757000, "operatingIncome": 1001757000, "otherOperatingExpenses": null, "interestExpense": -91048000, "extraordinaryItems": null, "nonRecurring": null, "otherItems": null, "incomeTaxExpense": 215973000, "totalRevenue": 16537433000, "totalOperatingExpenses": 15535676000, "costOfRevenue": 10882592000, "totalOtherIncomeExpenseNet": -622389000, "discontinuedOperations": -192497000, "netIncomeFromContinuingOps": 163395000, "netIncomeApplicableToCommonShares": -29102000}, "2019-12-31": {"researchDevelopment": null, "effectOfAccountingCharges": null, "incomeBeforeTax": 859283000, "minorityInterest": 20793000, "netIncome": 621085000, "sellingGeneralAdministrative": 4551847000, "grossProfit": 5859683000, "ebit": 1036697000, "operatingIncome": 1036697000, "otherOperatingExpenses": null, "interestExpense": -91405000, "extraordinaryItems": null, "nonRecurring": null, "otherItems": null, "incomeTaxExpense": 212808000, "totalRevenue": 17522234000, "totalOperatingExpenses": 16485537000, "costOfRevenue": 11662551000, "totalOtherIncomeExpenseNet": -177414000, "discontinuedOperations": -25390000, "netIncomeFromContinuingOps": 646475000, "netIncomeApplicableToCommonShares": 621085000}, "2018-12-31": {"researchDevelopment": null, "effectOfAccountingCharges": null, "incomeBeforeTax": 994638000, "minorityInterest": 21540000, "netIncome": 810474000, "sellingGeneralAdministrative": 4215018000, "grossProfit": 5519755000, "ebit": 1061224000, "operatingIncome": 1061224000, "otherOperatingExpenses": null, "interestExpense": -101796000, "extraordinaryItems": null, "nonRecurring": null, "otherItems": null, "incomeTaxExpense": 245104000, "totalRevenue": 16831605000, "totalOperatingExpenses": 15770381000, "costOfRevenue": 11311850000, "totalOtherIncomeExpenseNet": -66586000, "discontinuedOperations": 60940000, "netIncomeFromContinuingOps": 749534000, "netIncomeApplicableToCommonShares": 810474000}}, "quarterly": {"2022-06-30": {"researchDevelopment": null, "effectOfAccountingCharges": null, "incomeBeforeTax": 491567000, "minorityInterest": 13007000, "netIncome": 372529000, "sellingGeneralAdministrative": 1354665000, "grossProfit": 1960799000, "ebit": 517345000, "operatingIncome": 517345000, "otherOperatingExpenses": null, "interestExpense": -20248000, "extraordinaryItems": null, "nonRecurring": null, "otherItems": null, "incomeTaxExpense": 119038000, "totalRevenue": 5602414000, "totalOperatingExpenses": 5085069000, "costOfRevenue": 3641615000, "totalOtherIncomeExpenseNet": -25778000, "discontinuedOperations": null, "netIncomeFromContinuingOps": 372529000, "netIncomeApplicableToCommonShares": 372529000}, "2022-03-31": {"researchDevelopment": null, "effectOfAccountingCharges": null, "incomeBeforeTax": 325716000, "minorityInterest": 12136000, "netIncome": 245838000, "sellingGeneralAdministrative": 1373076000, "grossProfit": 1830947000, "ebit": 366008000, "operatingIncome": 366008000, "otherOperatingExpenses": null, "interestExpense": -19850000, "extraordinaryItems": null, "nonRecurring": null, "otherItems": null, "incomeTaxExpense": 79878000, "totalRevenue": 5294635000, "totalOperatingExpenses": 4928627000, "costOfRevenue": 3463688000, "totalOtherIncomeExpenseNet": -40292000, "discontinuedOperations": null, "netIncomeFromContinuingOps": 245838000, "netIncomeApplicableToCommonShares": 245838000}, "2021-12-31": {"researchDevelopment": null, "effectOfAccountingCharges": null, "incomeBeforeTax": 345906000, "minorityInterest": 12548000, "netIncome": 255999000, "sellingGeneralAdministrative": 1272339000, "grossProfit": 1693449000, "ebit": 345007000, "operatingIncome": 345007000, "otherOperatingExpenses": null, "interestExpense": -12023000, "extraordinaryItems": null, "nonRecurring": null, "otherItems": null, "incomeTaxExpense": 89907000, "totalRevenue": 4803209000, "totalOperatingExpenses": 4458202000, "costOfRevenue": 3109760000, "totalOtherIncomeExpenseNet": 898999, "discontinuedOperations": null, "netIncomeFromContinuingOps": 255999000, "netIncomeApplicableToCommonShares": 255999000}, "2021-09-30": {"researchDevelopment": null, "effectOfAccountingCharges": null, "incomeBeforeTax": 298974000, "minorityInterest": 13381000, "netIncome": 228585000, "sellingGeneralAdministrative": 1330565000, "grossProfit": 1710767000, "ebit": 303797000, "operatingIncome": 303797000, "otherOperatingExpenses": null, "interestExpense": -14958000, "extraordinaryItems": null, "nonRecurring": null, "otherItems": null, "incomeTaxExpense": 70389000, "totalRevenue": 4818849000, "totalOperatingExpenses": 4515052000, "costOfRevenue": 3108082000, "totalOtherIncomeExpenseNet": -4823000, "discontinuedOperations": null, "netIncomeFromContinuingOps": 228585000, "netIncomeApplicableToCommonShares": 228585000}}}, "cash": {"annual": {"2021-12-31": {"changeToLiabilities": 777318000, "totalCashflowsFromInvestingActivities": -506164000, "netBorrowings": -160729000, "totalCashFromFinancingActivities": -989532000, "changeToOperatingActivities": -200411000, "netIncome": 898790000, "changeInCash": -275465000, "repurchaseOfStock": -333599000, "effectOfExchangeRate": -38054000, "totalCashFromOperatingActivities": 1258285000, "depreciation": 290971000, "dividendsPaid": -465649000, "changeToInventory": -329237000, "changeToAccountReceivables": -258994000, "otherCashflowsFromFinancingActivities": -29555000, "changeToNetincome": 79848000, "capitalExpenditures": -266136000}, "2020-12-31": {"changeToLiabilities": 89350000, "totalCashflowsFromInvestingActivities": 171637000, "netBorrowings": -895003000, "totalCashFromFinancingActivities": -1513765000, "changeToOperatingActivities": -51909000, "netIncome": -29102000, "changeInCash": 713174000, "repurchaseOfStock": -96215000, "effectOfExchangeRate": 35741000, "totalCashFromOperatingActivities": 2019561000, "depreciation": 272842000, "otherCashflowsFromInvestingActivities": -11131000, "dividendsPaid": -453277000, "changeToInventory": 58462000, "changeToAccountReceivables": 957514000, "otherCashflowsFromFinancingActivities": -69270000, "changeToNetincome": 722404000, "capitalExpenditures": -153502000}, "2019-12-31": {"changeToLiabilities": 82739000, "totalCashflowsFromInvestingActivities": -563206000, "netBorrowings": 139399000, "totalCashFromFinancingActivities": -385962000, "changeToOperatingActivities": 88677000, "netIncome": 621085000, "changeInCash": -56555000, "repurchaseOfStock": -74187000, "effectOfExchangeRate": 603000, "totalCashFromOperatingActivities": 892010000, "depreciation": 257263000, "otherCashflowsFromInvestingActivities": -19611000, "dividendsPaid": -438890000, "changeToInventory": -54765000, "changeToAccountReceivables": -134163000, "otherCashflowsFromFinancingActivities": -12284000, "changeToNetincome": 31174000, "capitalExpenditures": -277873000}, "2018-12-31": {"changeToLiabilities": 357097000, "totalCashflowsFromInvestingActivities": -496124000, "netBorrowings": -59974000, "totalCashFromFinancingActivities": -608830000, "changeToOperatingActivities": -157988000, "netIncome": 810474000, "changeInCash": 18648000, "repurchaseOfStock": -91983000, "effectOfExchangeRate": -21562000, "totalCashFromOperatingActivities": 1145164000, "depreciation": 227584000, "otherCashflowsFromInvestingActivities": -26186000, "dividendsPaid": -415983000, "changeToInventory": -74148000, "changeToAccountReceivables": -62103000, "otherCashflowsFromFinancingActivities": -40890000, "changeToNetincome": 44248000, "capitalExpenditures": -226506000}}, "quarterly": {"2022-06-30": {"changeToLiabilities": 0, "totalCashflowsFromInvestingActivities": -122508000, "netBorrowings": -126897000, "totalCashFromFinancingActivities": -329453000, "changeToOperatingActivities": 11212000, "netIncome": 372529000, "changeInCash": -91645000, "repurchaseOfStock": -50000000, "effectOfExchangeRate": -31861000, "totalCashFromOperatingActivities": 392177000, "depreciation": 85890000, "dividendsPaid": -126891000, "otherCashflowsFromFinancingActivities": -25665000, "changeToNetincome": -77454000, "capitalExpenditures": -74931000}, "2022-03-31": {"changeToLiabilities": 0, "totalCashflowsFromInvestingActivities": -1420945000, "netBorrowings": 1105415000, "totalCashFromFinancingActivities": 913964000, "changeToOperatingActivities": 59144000, "netIncome": 245838000, "changeInCash": -103925000, "repurchaseOfStock": -72919000, "effectOfExchangeRate": 4248000, "totalCashFromOperatingActivities": 398808000, "depreciation": 87369000, "dividendsPaid": -115876000, "otherCashflowsFromFinancingActivities": -2656000, "changeToNetincome": 6457000, "capitalExpenditures": -78045000}, "2021-12-31": {"changeToLiabilities": 777318000, "totalCashflowsFromInvestingActivities": -266262000, "netBorrowings": 65000, "totalCashFromFinancingActivities": -170808000, "changeToOperatingActivities": -272202000, "netIncome": 255999000, "changeInCash": -204396000, "repurchaseOfStock": -49713000, "effectOfExchangeRate": -17415000, "totalCashFromOperatingActivities": 250089000, "depreciation": 72594000, "dividendsPaid": -116356000, "changeToInventory": -329237000, "changeToAccountReceivables": -258994000, "otherCashflowsFromFinancingActivities": -4804000, "changeToNetincome": 4611000, "capitalExpenditures": -127930000}, "2021-09-30": {"changeToLiabilities": 0, "totalCashflowsFromInvestingActivities": -88511000, "netBorrowings": -50098000, "totalCashFromFinancingActivities": -270547000, "changeToOperatingActivities": -64283000, "netIncome": 228585000, "changeInCash": -68292000, "repurchaseOfStock": -99521000, "effectOfExchangeRate": -13000000, "totalCashFromOperatingActivities": 303766000, "depreciation": 72121000, "dividendsPaid": -117666000, "changeToInventory": -329237000, "changeToAccountReceivables": -258994000, "otherCashflowsFromFinancingActivities": -3262000, "changeToNetincome": 67343000, "capitalExpenditures": -48213000}}}}, "HPE": {"balance": {"annual": {"2021-10-31": {"intangibleAssets": 1022000000, "capitalSurplus": 28470000000, "totalLiab": 37682000000, "totalStockholderEquity": 19971000000, "minorityInterest": 46000000, "deferredLongTermLiab": 95000000, "otherCurrentLiab": 4816000000, "totalAssets": 57699000000, "commonStock": 13000000, "otherCurrentAssets": 1498000000, "retainedEarnings": -5597000000, "otherLiab": 6161000000, "goodWill": 18162000000, "treasuryStock": -2915000000, "otherAssets": 5415000000, "cash": 3098000000, "totalCurrentLiabilities": 20687000000, "deferredLongTermAssetCharges": 2023000000, "shortLongTermDebt": 2608000000, "otherStockholderEquity": -2915000000, "propertyPlantEquipment": 2496000000, "totalCurrentAssets": 18878000000, "longTermInvestments": 2543000000, "netTangibleAssets": 643000000, "netReceivables": 4926000000, "longTermDebt": 9848000000, "inventory": 4511000000, "accountsPayable": 7004000000}, "2020-10-31": {"intangibleAssets": 1103000000, "capitalSurplus": 28350000000, "totalLiab": 37919000000, "totalStockholderEquity": 16049000000, "minorityInterest": 47000000, "deferredLongTermLiab": 76000000, "otherCurrentLiab": 4663000000, "totalAssets": 54015000000, "commonStock": 13000000, "otherCurrentAssets": 1782000000, "retainedEarnings": -8375000000, "otherLiab": 6097000000, "goodWill": 17873000000, "treasuryStock": -3939000000, "otherAssets": 3989000000, "cash": 3504000000, "totalCurrentLiabilities": 18738000000, "deferredLongTermAssetCharges": 1778000000, "shortLongTermDebt": 2765000000, "otherStockholderEquity": -3939000000, "propertyPlantEquipment": 2528000000, "totalCurrentAssets": 16556000000, "longTermInvestments": 2685000000, "netTangibleAssets": -3071000000, "netReceivables": 4073000000, "longTermDebt": 12133000000, "inventory": 2674000000, "accountsPayable": 5383000000}, "2019-10-31": {"intangibleAssets": 1128000000, "capitalSurplus": 28444000000, "totalLiab": 34654000000, "totalStockholderEquity": 17098000000, "minorityInterest": 51000000, "deferredLongTermLiab": 74000000, "otherCurrentLiab": 3910000000, "totalAssets": 51803000000, "commonStock": 13000000, "otherCurrentAssets": 1839000000, "retainedEarnings": -7632000000, "otherLiab": 6100000000, "goodWill": 18162000000, "treasuryStock": -3727000000, "otherAssets": 3706000000, "cash": 3042000000, "totalCurrentLiabilities": 19159000000, "deferredLongTermAssetCharges": 1515000000, "shortLongTermDebt": 3452000000, "otherStockholderEquity": -3727000000, "propertyPlantEquipment": 1970000000, "totalCurrentAssets": 15143000000, "longTermInvestments": 2517000000, "netTangibleAssets": -2336000000, "netReceivables": 3592000000, "longTermDebt": 9328000000, "inventory": 2387000000, "accountsPayable": 5595000000}, "2018-10-31": {"intangibleAssets": 789000000, "capitalSurplus": 30342000000, "totalLiab": 34219000000, "totalStockholderEquity": 21239000000, "minorityInterest": 35000000, "otherCurrentLiab": 4090000000, "totalAssets": 55493000000, "commonStock": 14000000, "otherCurrentAssets": 210000000, "retainedEarnings": -5899000000, "otherLiab": 6885000000, "goodWill": 17393000000, "treasuryStock": -3218000000, "otherAssets": 6619000000, "cash": 4067000000, "totalCurrentLiabilities": 17198000000, "deferredLongTermAssetCharges": 2403000000, "shortLongTermDebt": 1196000000, "otherStockholderEquity": -3218000000, "propertyPlantEquipment": 1926000000, "totalCurrentAssets": 17272000000, "longTermInvestments": 2398000000, "netTangibleAssets": 2913000000, "netReceivables": 5546000000, "longTermDebt": 10136000000, "inventory": 2447000000, "accountsPayable": 6092000000}}, "quarterly": {"2022-04-30": {"intangibleAssets": 878000000, "capitalSurplus": 28473000000, "totalLiab": 35742000000, "totalStockholderEquity": 20532000000, "minorityInterest": 50000000, "deferredLongTermLiab": 106000000, "otherCurrentLiab": 3883000000, "totalAssets": 56324000000, "commonStock": 13000000, "otherCurrentAssets": 3046000000, "retainedEarnings": -5145000000, "otherLiab": 6555000000, "goodWill": 18162000000, "treasuryStock": -2809000000, "otherAssets": 6331000000, "cash": 2148000000, "totalCurrentLiabilities": 20190000000, "shortLongTermDebt": 3714000000, "otherStockholderEquity": -2809000000, "propertyPlantEquipment": 1591000000, "totalCurrentAssets": 18172000000, "longTermInvestments": 2447000000, "netTangibleAssets": 1348000000, "netReceivables": 3122000000, "longTermDebt": 8997000000, "inventory": 5322000000, "accountsPayable": 5671000000}, "2022-01-31": {"intangibleAssets": 952000000, "capitalSurplus": 28422000000, "totalLiab": 37508000000, "totalStockholderEquity": 20318000000, "minorityInterest": 47000000, "deferredLongTermLiab": 102000000, "otherCurrentLiab": 3963000000, "totalAssets": 57873000000, "commonStock": 13000000, "otherCurrentAssets": 2904000000, "retainedEarnings": -5239000000, "otherLiab": 6758000000, "goodWill": 18159000000, "treasuryStock": -2878000000, "otherAssets": 6349000000, "cash": 2866000000, "totalCurrentLiabilities": 20473000000, "shortLongTermDebt": 2868000000, "otherStockholderEquity": -2878000000, "propertyPlantEquipment": 1585000000, "totalCurrentAssets": 19342000000, "longTermInvestments": 2490000000, "netTangibleAssets": 1063000000, "netReceivables": 3432000000, "longTermDebt": 10277000000, "inventory": 5321000000, "accountsPayable": 6549000000}, "2021-10-31": {"intangibleAssets": 1022000000, "capitalSurplus": 28470000000, "totalLiab": 37682000000, "totalStockholderEquity": 19971000000, "minorityInterest": 46000000, "deferredLongTermLiab": 95000000, "otherCurrentLiab": 4816000000, "totalAssets": 57699000000, "commonStock": 13000000, "otherCurrentAssets": 1498000000, "retainedEarnings": -5597000000, "otherLiab": 6161000000, "goodWill": 18162000000, "treasuryStock": -2915000000, "otherAssets": 5415000000, "cash": 3098000000, "totalCurrentLiabilities": 20687000000, "deferredLongTermAssetCharges": 2023000000, "shortLongTermDebt": 2608000000, "otherStockholderEquity": -2915000000, "propertyPlantEquipment": 2496000000, "totalCurrentAssets": 18878000000, "longTermInvestments": 2543000000, "netTangibleAssets": 643000000, "netReceivables": 4926000000, "longTermDebt": 9848000000, "inventory": 4511000000, "accountsPayable": 7004000000}, "2021-07-31": {"intangibleAssets": 892000000, "capitalSurplus": 28632000000, "totalLiab": 39364000000, "totalStockholderEquity": 17020000000, "minorityInterest": 53000000, "deferredLongTermLiab": 86000000, "otherCurrentLiab": 3959000000, "totalAssets": 56437000000, "commonStock": 13000000, "otherCurrentAssets": 2399000000, "retainedEarnings": -7994000000, "otherLiab": 7234000000, "goodWill": 17948000000, "treasuryStock": -3631000000, "otherAssets": 5548000000, "cash": 4317000000, "totalCurrentLiabilities": 19641000000, "shortLongTermDebt": 2741000000, "otherStockholderEquity": -3631000000, "propertyPlantEquipment": 1567000000, "totalCurrentAssets": 18745000000, "longTermInvestments": 2691000000, "netTangibleAssets": -1964000000, "netReceivables": 3297000000, "longTermDebt": 12489000000, "inventory": 3942000000, "accountsPayable": 6526000000}}}, "income": {"annual": {"2021-10-31": {"researchDevelopment": 1979000000, "effectOfAccountingCharges": null, "incomeBeforeTax": 3587000000, "minorityInterest": 46000000, "netIncome": 3427000000, "sellingGeneralAdministrative": 4851000000, "grossProfit": 9376000000, "ebit": 2257000000, "operatingIncome": 2257000000, "otherOperatingExpenses": -65000000, "interestExpense": -289000000, "extraordinaryItems": null, "nonRecurring": null, "otherItems": null, "incomeTaxExpense": 160000000, "totalRevenue": 27784000000, "totalOperatingExpenses": 25527000000, "costOfRevenue": 18408000000, "totalOtherIncomeExpenseNet": 1330000000, "discontinuedOperations": null, "netIncomeFromContinuingOps": 3427000000, "netIncomeApplicableToCommonShares": 3427000000}, "2020-10-31": {"researchDevelopment": 1874000000, "effectOfAccountingCharges": null, "incomeBeforeTax": -442000000, "minorityInterest": 47000000, "netIncome": -322000000, "sellingGeneralAdministrative": 4483000000, "grossProfit": 8469000000, "ebit": 1632000000, "operatingIncome": 1632000000, "otherOperatingExpenses": 101000000, "interestExpense": -332000000, "extraordinaryItems": null, "nonRecurring": null, "otherItems": null, "incomeTaxExpense": -120000000, "totalRevenue": 26982000000, "totalOperatingExpenses": 25350000000, "costOfRevenue": 18513000000, "totalOtherIncomeExpenseNet": -2074000000, "discontinuedOperations": null, "netIncomeFromContinuingOps": -322000000, "netIncomeApplicableToCommonShares": -322000000}, "2019-10-31": {"researchDevelopment": 1842000000, "effectOfAccountingCharges": null, "incomeBeforeTax": 1553000000, "minorityInterest": 51000000, "netIncome": 1049000000, "sellingGeneralAdministrative": 4837000000, "grossProfit": 9493000000, "ebit": 2924000000, "operatingIncome": 2924000000, "otherOperatingExpenses": -377000000, "interestExpense": -311000000, "extraordinaryItems": null, "nonRecurring": null, "otherItems": null, "incomeTaxExpense": 504000000, "totalRevenue": 29135000000, "totalOperatingExpenses": 26211000000, "costOfRevenue": 19642000000, "totalOtherIncomeExpenseNet": -1371000000, "discontinuedOperations": null, "netIncomeFromContinuingOps": 1049000000, "netIncomeApplicableToCommonShares": 1049000000}, "2018-10-31": {"researchDevelopment": 1667000000, "effectOfAccountingCharges": null, "incomeBeforeTax": 268000000, "minorityInterest": 35000000, "netIncome": 1908000000, "sellingGeneralAdministrative": 4783000000, "grossProfit": 9231000000, "ebit": 1133000000, "operatingIncome": 1133000000, "otherOperatingExpenses": 1354000000, "interestExpense": -353000000, "extraordinaryItems": null, "nonRecurring": null, "otherItems": null, "incomeTaxExpense": -1744000000, "totalRevenue": 30852000000, "totalOperatingExpenses": 29719000000, "costOfRevenue": 21621000000, "totalOtherIncomeExpenseNet": -865000000, "discontinuedOperations": -104000000, "netIncomeFromContinuingOps": 2012000000, "netIncomeApplicableToCommonShares": 1908000000}}, "quarterly": {"2022-04-30": {"researchDevelopment": 517000000, "effectOfAccountingCharges": null, "incomeBeforeTax": 276000000, "minorityInterest": 50000000, "netIncome": 250000000, "sellingGeneralAdministrative": 1213000000, "grossProfit": 2173000000, "ebit": 369000000, "operatingIncome": 369000000, "otherOperatingExpenses": null, "interestExpense": -383000000, "extraordinaryItems": null, "nonRecurring": null, "otherItems": null, "incomeTaxExpense": 26000000, "totalRevenue": 6713000000, "totalOperatingExpenses": 6344000000, "costOfRevenue": 4540000000, "totalOtherIncomeExpenseNet": -93000000, "discontinuedOperations": null, "netIncomeFromContinuingOps": 250000000, "netIncomeApplicableToCommonShares": 250000000}, "2022-01-31": {"researchDevelopment": 504000000, "effectOfAccountingCharges": null, "incomeBeforeTax": 493000000, "minorityInterest": 47000000, "netIncome": 513000000, "sellingGeneralAdministrative": 1165000000, "grossProfit": 2344000000, "ebit": 585000000, "operatingIncome": 585000000, "otherOperatingExpenses": 17000000, "interestExpense": -151000000, "extraordinaryItems": null, "nonRecurring": null, "otherItems": null, "incomeTaxExpense": -20000000, "totalRevenue": 6961000000, "totalOperatingExpenses": 6376000000, "costOfRevenue": 4617000000, "totalOtherIncomeExpenseNet": -92000000, "discontinuedOperations": null, "netIncomeFromContinuingOps": 513000000, "netIncomeApplicableToCommonShares": 513000000}, "2021-10-31": {"researchDevelopment": 502000000, "effectOfAccountingCharges": null, "incomeBeforeTax": 2688000000, "minorityInterest": 46000000, "netIncome": 2553000000, "sellingGeneralAdministrative": 1258000000, "grossProfit": 2419000000, "ebit": 596000000, "operatingIncome": 596000000, "otherOperatingExpenses": -5000000, "interestExpense": -348000000, "extraordinaryItems": null, "nonRecurring": null, "otherItems": null, "incomeTaxExpense": 135000000, "totalRevenue": 7354000000, "totalOperatingExpenses": 6758000000, "costOfRevenue": 4935000000, "totalOtherIncomeExpenseNet": 2092000000, "discontinuedOperations": null, "netIncomeFromContinuingOps": 2553000000, "netIncomeApplicableToCommonShares": 2553000000}, "2021-07-31": {"researchDevelopment": 506000000, "effectOfAccountingCharges": null, "incomeBeforeTax": 406000000, "minorityInterest": 53000000, "netIncome": 392000000, "sellingGeneralAdministrative": 1271000000, "grossProfit": 2382000000, "ebit": 599000000, "operatingIncome": 599000000, "otherOperatingExpenses": -76000000, "interestExpense": -66000000, "extraordinaryItems": null, "nonRecurring": null, "otherItems": null, "incomeTaxExpense": 14000000, "totalRevenue": 6897000000, "totalOperatingExpenses": 6298000000, "costOfRevenue": 4515000000, "totalOtherIncomeExpenseNet": -193000000, "discontinuedOperations": null, "netIncomeFromContinuingOps": 392000000, "netIncomeApplicableToCommonShares": 392000000}}}, "cash": {"annual": {"2021-10-31": {"investments": -45000000, "changeToLiabilities": 1608000000, "totalCashflowsFromInvestingActivities": -2796000000, "netBorrowings": -2479000000, "totalCashFromFinancingActivities": -3364000000, "changeToOperatingActivities": -355000000, "netIncome": 3427000000, "changeInCash": -289000000, "repurchaseOfStock": -213000000, "totalCashFromOperatingActivities": 5871000000, "depreciation": 2597000000, "otherCashflowsFromInvestingActivities": -98000000, "dividendsPaid": -625000000, "changeToInventory": -1959000000, "changeToAccountReceivables": -591000000, "otherCashflowsFromFinancingActivities": -47000000, "changeToNetincome": 1217000000, "capitalExpenditures": -2502000000}, "2020-10-31": {"investments": -53000000, "changeToLiabilities": -225000000, "totalCashflowsFromInvestingActivities": -2578000000, "netBorrowings": 1899000000, "totalCashFromFinancingActivities": 883000000, "changeToOperatingActivities": -911000000, "netIncome": -322000000, "changeInCash": 545000000, "repurchaseOfStock": -355000000, "totalCashFromOperatingActivities": 2240000000, "depreciation": 2625000000, "otherCashflowsFromInvestingActivities": 21000000, "dividendsPaid": -618000000, "changeToInventory": -527000000, "changeToAccountReceivables": -461000000, "otherCashflowsFromFinancingActivities": -43000000, "changeToNetincome": 2183000000, "capitalExpenditures": -2383000000}, "2019-10-31": {"investments": -13000000, "changeToLiabilities": -525000000, "totalCashflowsFromInvestingActivities": -3457000000, "netBorrowings": 1261000000, "totalCashFromFinancingActivities": -1548000000, "changeToOperatingActivities": -537000000, "issuanceOfStock": 48000000, "netIncome": 1049000000, "changeInCash": -1008000000, "repurchaseOfStock": -2249000000, "totalCashFromOperatingActivities": 3997000000, "depreciation": 2535000000, "otherCashflowsFromInvestingActivities": 341000000, "dividendsPaid": -608000000, "changeToInventory": 46000000, "changeToAccountReceivables": 374000000, "otherCashflowsFromFinancingActivities": -43000000, "changeToNetincome": 2148000000, "capitalExpenditures": -2856000000}, "2018-10-31": {"investments": 65000000, "changeToLiabilities": -27000000, "totalCashflowsFromInvestingActivities": -1880000000, "netBorrowings": -1676000000, "totalCashFromFinancingActivities": -5592000000, "changeToOperatingActivities": 184000000, "issuanceOfStock": 116000000, "netIncome": 1908000000, "changeInCash": -4508000000, "repurchaseOfStock": -3568000000, "totalCashFromOperatingActivities": 2964000000, "depreciation": 2576000000, "otherCashflowsFromInvestingActivities": 111000000, "dividendsPaid": -570000000, "changeToInventory": -260000000, "changeToAccountReceivables": -220000000, "otherCashflowsFromFinancingActivities": 106000000, "changeToNetincome": 3319000000, "capitalExpenditures": -2956000000}}, "quarterly": {"2022-04-30": {"investments": 9000000, "changeToLiabilities": -885000000, "totalCashflowsFromInvestingActivities": -492000000, "netBorrowings": -398000000, "totalCashFromFinancingActivities": -615000000, "changeToOperatingActivities": -169000000, "netIncome": 250000000, "changeInCash": -728000000, "repurchaseOfStock": -58000000, "totalCashFromOperatingActivities": 379000000, "depreciation": 621000000, "otherCashflowsFromInvestingActivities": 89000000, "dividendsPaid": -156000000, "changeToInventory": -27000000, "changeToAccountReceivables": 274000000, "otherCashflowsFromFinancingActivities": -3000000, "changeToNetincome": 169000000, "capitalExpenditures": -725000000}, "2022-01-31": {"investments": 23000000, "changeToLiabilities": -438000000, "totalCashflowsFromInvestingActivities": -335000000, "netBorrowings": 696000000, "totalCashFromFinancingActivities": 355000000, "changeToOperatingActivities": -560000000, "netIncome": 513000000, "changeInCash": -56000000, "repurchaseOfStock": -129000000, "totalCashFromOperatingActivities": -76000000, "depreciation": 621000000, "otherCashflowsFromInvestingActivities": 143000000, "dividendsPaid": -155000000, "changeToInventory": -834000000, "changeToAccountReceivables": 543000000, "otherCashflowsFromFinancingActivities": -57000000, "changeToNetincome": 190000000, "capitalExpenditures": -624000000}, "2021-10-31": {"investments": -12000000, "changeToLiabilities": 458000000, "totalCashflowsFromInvestingActivities": -1079000000, "netBorrowings": -2806000000, "totalCashFromFinancingActivities": -3197000000, "changeToOperatingActivities": 248000000, "netIncome": 2553000000, "changeInCash": -1320000000, "repurchaseOfStock": -213000000, "totalCashFromOperatingActivities": 2956000000, "depreciation": 641000000, "otherCashflowsFromInvestingActivities": -5000000, "dividendsPaid": -157000000, "changeToInventory": -607000000, "changeToAccountReceivables": -652000000, "otherCashflowsFromFinancingActivities": -21000000, "changeToNetincome": 382000000, "capitalExpenditures": -770000000}, "2021-07-31": {"investments": -24000000, "changeToLiabilities": 986000000, "totalCashflowsFromInvestingActivities": -486000000, "netBorrowings": 400000000, "totalCashFromFinancingActivities": 252000000, "changeToOperatingActivities": 95000000, "netIncome": 392000000, "changeInCash": 896000000, "repurchaseOfStock": -213000000, "totalCashFromOperatingActivities": 1130000000, "depreciation": 643000000, "otherCashflowsFromInvestingActivities": 241000000, "dividendsPaid": -157000000, "changeToInventory": -855000000, "changeToAccountReceivables": -371000000, "otherCashflowsFromFinancingActivities": 9000000, "changeToNetincome": 216000000, "capitalExpenditures": -684000000}}}}, "POOL": {"balance": {"annual": {"2021-12-31": {"intangibleAssets": 312814000, "capitalSurplus": 551963000, "totalLiab": 2158738000, "totalStockholderEquity": 1071393000, "otherCurrentLiab": 159525000, "totalAssets": 3230131000, "commonStock": 40000, "otherCurrentAssets": 1150000, "retainedEarnings": 526874000, "otherLiab": 67385000, "goodWill": 688364000, "treasuryStock": -7484000, "otherAssets": 37967000, "cash": 24321000, "totalCurrentLiabilities": 744416000, "shortLongTermDebt": 14034000, "otherStockholderEquity": -7484000, "propertyPlantEquipment": 420670000, "totalCurrentAssets": 1769085000, "longTermInvestments": 1231000, "netTangibleAssets": 70215000, "netReceivables": 376571000, "longTermDebt": 1171578000, "inventory": 1339100000, "accountsPayable": 398697000}, "2020-12-31": {"intangibleAssets": 12181000, "capitalSurplus": 519579000, "totalLiab": 1100200000, "totalStockholderEquity": 639470000, "otherCurrentLiab": 46553000, "totalAssets": 1739670000, "commonStock": 40000, "otherCurrentAssets": 986000, "retainedEarnings": 133870000, "otherLiab": 65914000, "goodWill": 268167000, "treasuryStock": -14019000, "otherAssets": 21987000, "cash": 34128000, "totalCurrentLiabilities": 483249000, "shortLongTermDebt": 24183000, "otherStockholderEquity": -14019000, "propertyPlantEquipment": 314116000, "totalCurrentAssets": 1121927000, "longTermInvestments": 1292000, "netTangibleAssets": 359122000, "netReceivables": 289200000, "longTermDebt": 404149000, "inventory": 780989000, "accountsPayable": 266753000}, "2019-12-31": {"intangibleAssets": 11038000, "capitalSurplus": 485239000, "totalLiab": 1073086000, "totalStockholderEquity": 410180000, "otherCurrentLiab": 23299000, "totalAssets": 1483266000, "commonStock": 40000, "otherCurrentAssets": 949000, "retainedEarnings": -64740000, "otherLiab": 60568000, "goodWill": 188596000, "treasuryStock": -10359000, "otherAssets": 19902000, "cash": 28583000, "totalCurrentLiabilities": 390846000, "shortLongTermDebt": 11017000, "otherStockholderEquity": -10359000, "propertyPlantEquipment": 288935000, "totalCurrentAssets": 973568000, "longTermInvestments": 1227000, "netTangibleAssets": 210546000, "netReceivables": 226539000, "longTermDebt": 499662000, "inventory": 702274000, "accountsPayable": 261963000}, "2018-12-31": {"intangibleAssets": 12004000, "capitalSurplus": 453193000, "totalLiab": 1017281000, "totalStockholderEquity": 223590000, "otherCurrentLiab": 20871000, "totalAssets": 1240871000, "commonStock": 40000, "otherCurrentAssets": 1014000, "retainedEarnings": -218646000, "otherLiab": 54078000, "goodWill": 188472000, "treasuryStock": -10997000, "otherAssets": 16974000, "cash": 16358000, "totalCurrentLiabilities": 305610000, "shortLongTermDebt": 9168000, "otherStockholderEquity": -10997000, "propertyPlantEquipment": 106964000, "totalCurrentAssets": 915244000, "longTermInvestments": 1213000, "netTangibleAssets": 23114000, "netReceivables": 207801000, "longTermDebt": 657593000, "inventory": 672579000, "accountsPayable": 237835000}}, "quarterly": {"2022-06-30": {"intangibleAssets": 309375000, "capitalSurplus": 564641000, "totalLiab": 2733047000, "totalStockholderEquity": 1229058000, "totalAssets": 3962105000, "commonStock": 40000, "retainedEarnings": 662709000, "otherLiab": 74489000, "goodWill": 692972000, "treasuryStock": 1668000, "otherAssets": 45044000, "cash": 91481000, "totalCurrentLiabilities": 891035000, "shortLongTermDebt": 9579000, "otherStockholderEquity": 1668000, "propertyPlantEquipment": 443051000, "totalCurrentAssets": 2470484000, "longTermInvestments": 1179000, "netTangibleAssets": 226711000, "netReceivables": 756585000, "longTermDebt": 1575667000, "inventory": 1579101000, "accountsPayable": 604225000}, "2022-03-31": {"intangibleAssets": 310848000, "capitalSurplus": 558755000, "totalLiab": 2707863000, "totalStockholderEquity": 1174278000, "totalAssets": 3882141000, "commonStock": 40000, "retainedEarnings": 611583000, "otherLiab": 73884000, "goodWill": 688350000, "treasuryStock": 3900000, "otherAssets": 42213000, "cash": 35365000, "totalCurrentLiabilities": 958448000, "shortLongTermDebt": 10925000, "otherStockholderEquity": 3900000, "propertyPlantEquipment": 440789000, "totalCurrentAssets": 2398757000, "longTermInvestments": 1184000, "netTangibleAssets": 175080000, "netReceivables": 679927000, "longTermDebt": 1483808000, "inventory": 1641155000, "accountsPayable": 685946000}, "2021-12-31": {"intangibleAssets": 312814000, "capitalSurplus": 551963000, "totalLiab": 2158738000, "totalStockholderEquity": 1071393000, "otherCurrentLiab": 159525000, "totalAssets": 3230131000, "commonStock": 40000, "otherCurrentAssets": 1150000, "retainedEarnings": 526874000, "otherLiab": 67385000, "goodWill": 688364000, "treasuryStock": -7484000, "otherAssets": 37967000, "cash": 24321000, "totalCurrentLiabilities": 744416000, "shortLongTermDebt": 14034000, "otherStockholderEquity": -7484000, "propertyPlantEquipment": 420670000, "totalCurrentAssets": 1769085000, "longTermInvestments": 1231000, "netTangibleAssets": 70215000, "netReceivables": 376571000, "longTermDebt": 1171578000, "inventory": 1339100000, "accountsPayable": 398697000}, "2021-09-30": {"intangibleAssets": 12067000, "capitalSurplus": 542858000, "totalLiab": 1297021000, "totalStockholderEquity": 985212000, "totalAssets": 2282233000, "commonStock": 40000, "retainedEarnings": 451401000, "otherLiab": 64451000, "goodWill": 281300000, "treasuryStock": -9087000, "otherAssets": 28878000, "cash": 83475000, "totalCurrentLiabilities": 722136000, "shortLongTermDebt": 17052000, "otherStockholderEquity": -9087000, "propertyPlantEquipment": 332346000, "totalCurrentAssets": 1626400000, "longTermInvestments": 1242000, "netTangibleAssets": 691845000, "netReceivables": 476150000, "longTermDebt": 352075000, "inventory": 1043407000, "accountsPayable": 414156000}}}, "income": {"annual": {"2021-12-31": {"researchDevelopment": null, "effectOfAccountingCharges": null, "incomeBeforeTax": 824436000, "minorityInterest": null, "netIncome": 650624000, "sellingGeneralAdministrative": 786808000, "grossProfit": 1617092000, "ebit": 830284000, "operatingIncome": 830284000, "otherOperatingExpenses": null, "interestExpense": -9839000, "extraordinaryItems": null, "nonRecurring": null, "otherItems": null, "incomeTaxExpense": 173812000, "totalRevenue": 5295584000, "totalOperatingExpenses": 4465300000, "costOfRevenue": 3678492000, "totalOtherIncomeExpenseNet": -5848000, "discontinuedOperations": null, "netIncomeFromContinuingOps": 650624000, "netIncomeApplicableToCommonShares": 646303000}, "2020-12-31": {"researchDevelopment": null, "effectOfAccountingCharges": null, "incomeBeforeTax": 451969000, "minorityInterest": null, "netIncome": 366738000, "sellingGeneralAdministrative": 659931000, "grossProfit": 1130902000, "ebit": 470971000, "operatingIncome": 470971000, "otherOperatingExpenses": null, "interestExpense": -10653000, "extraordinaryItems": null, "nonRecurring": null, "otherItems": null, "incomeTaxExpense": 85231000, "totalRevenue": 3936623000, "totalOperatingExpenses": 3465652000, "costOfRevenue": 2805721000, "totalOtherIncomeExpenseNet": -19002000, "discontinuedOperations": null, "netIncomeFromContinuingOps": 366738000, "netIncomeApplicableToCommonShares": 366738000}, "2019-12-31": {"researchDevelopment": null, "effectOfAccountingCharges": null, "incomeBeforeTax": 317736000, "minorityInterest": null, "netIncome": 261575000, "sellingGeneralAdministrative": 583679000, "grossProfit": 924925000, "ebit": 341246000, "operatingIncome": 341246000, "otherOperatingExpenses": null, "interestExpense": -22472000, "extraordinaryItems": null, "nonRecurring": null, "otherItems": null, "incomeTaxExpense": 56161000, "totalRevenue": 3199517000, "totalOperatingExpenses": 2858271000, "costOfRevenue": 2274592000, "totalOtherIncomeExpenseNet": -23510000, "discontinuedOperations": null, "netIncomeFromContinuingOps": 261575000, "netIncomeApplicableToCommonShares": 261575000}, "2018-12-31": {"researchDevelopment": null, "effectOfAccountingCharges": null, "incomeBeforeTax": 293235000, "minorityInterest": null, "netIncome": 234461000, "sellingGeneralAdministrative": 556284000, "grossProfit": 870173000, "ebit": 313889000, "operatingIncome": 313889000, "otherOperatingExpenses": null, "interestExpense": -20296000, "extraordinaryItems": null, "nonRecurring": null, "otherItems": null, "incomeTaxExpense": 58774000, "totalRevenue": 2998097000, "totalOperatingExpenses": 2684208000, "costOfRevenue": 2127924000, "totalOtherIncomeExpenseNet": -20654000, "discontinuedOperations": null, "netIncomeFromContinuingOps": 234461000, "netIncomeApplicableToCommonShares": 234461000}}, "quarterly": {"2022-06-30": {"researchDevelopment": null, "effectOfAccountingCharges": null, "incomeBeforeTax": 410443000, "minorityInterest": null, "netIncome": 307283000, "sellingGeneralAdministrative": 247916000, "grossProfit": 666804000, "ebit": 418888000, "operatingIncome": 418888000, "otherOperatingExpenses": null, "interestExpense": -8523000, "extraordinaryItems": null, "nonRecurring": null, "otherItems": null, "incomeTaxExpense": 103160000, "totalRevenue": 2055818000, "totalOperatingExpenses": 1636930000, "costOfRevenue": 1389014000, "totalOtherIncomeExpenseNet": -8445000, "discontinuedOperations": null, "netIncomeFromContinuingOps": 307283000, "netIncomeApplicableToCommonShares": 305603000}, "2022-03-31": {"researchDevelopment": null, "effectOfAccountingCharges": null, "incomeBeforeTax": 230583000, "minorityInterest": null, "netIncome": 179261000, "sellingGeneralAdministrative": 211466000, "grossProfit": 447189000, "ebit": 235723000, "operatingIncome": 235723000, "otherOperatingExpenses": null, "interestExpense": -5198000, "extraordinaryItems": null, "nonRecurring": null, "otherItems": null, "incomeTaxExpense": 51322000, "totalRevenue": 1412650000, "totalOperatingExpenses": 1176927000, "costOfRevenue": 965461000, "totalOtherIncomeExpenseNet": -5140000, "discontinuedOperations": null, "netIncomeFromContinuingOps": 179261000, "netIncomeApplicableToCommonShares": 178210000}, "2021-12-31": {"researchDevelopment": null, "effectOfAccountingCharges": null, "incomeBeforeTax": 126181000, "minorityInterest": null, "netIncome": 107609000, "sellingGeneralAdministrative": 195585000, "grossProfit": 322376000, "ebit": 126791000, "operatingIncome": 126791000, "otherOperatingExpenses": null, "interestExpense": -2977000, "extraordinaryItems": null, "nonRecurring": null, "otherItems": null, "incomeTaxExpense": 18572000, "totalRevenue": 1035557000, "totalOperatingExpenses": 908766000, "costOfRevenue": 713181000, "totalOtherIncomeExpenseNet": -610000, "discontinuedOperations": null, "netIncomeFromContinuingOps": 107609000, "netIncomeApplicableToCommonShares": 103288000}, "2021-09-30": {"researchDevelopment": null, "effectOfAccountingCharges": null, "incomeBeforeTax": 235051000, "minorityInterest": null, "netIncome": 184665000, "sellingGeneralAdministrative": 206023000, "grossProfit": 441899000, "ebit": 235876000, "operatingIncome": 235876000, "otherOperatingExpenses": null, "interestExpense": -2317000, "extraordinaryItems": null, "nonRecurring": null, "otherItems": null, "incomeTaxExpense": 50386000, "totalRevenue": 1411448000, "totalOperatingExpenses": 1175572000, "costOfRevenue": 969549000, "totalOtherIncomeExpenseNet": -825000, "discontinuedOperations": null, "netIncomeFromContinuingOps": 184665000, "netIncomeApplicableToCommonShares": 184665000}}}, "cash": {"annual": {"2021-12-31": {"changeToLiabilities": 114893000, "totalCashflowsFromInvestingActivities": -849614000, "netBorrowings": 769554000, "totalCashFromFinancingActivities": 526131000, "changeToOperatingActivities": 97911000, "issuanceOfStock": 17197000, "netIncome": 650624000, "changeInCash": -9807000, "repurchaseOfStock": -138039000, "effectOfExchangeRate": 186000, "totalCashFromOperatingActivities": 313490000, "depreciation": 29587000, "dividendsPaid": -119581000, "changeToInventory": -525207000, "changeToAccountReceivables": -79940000, "otherCashflowsFromFinancingActivities": -3000000, "changeToNetincome": 25183000, "capitalExpenditures": -37658000}, "2020-12-31": {"changeToLiabilities": -9212000, "totalCashflowsFromInvestingActivities": -146289000, "netBorrowings": -95774000, "totalCashFromFinancingActivities": -244371000, "changeToOperatingActivities": 69275000, "issuanceOfStock": 19824000, "netIncome": 366738000, "changeInCash": 5545000, "repurchaseOfStock": -76199000, "effectOfExchangeRate": -1376000, "totalCashFromOperatingActivities": 397581000, "depreciation": 29267000, "dividendsPaid": -91929000, "changeToInventory": -42447000, "changeToAccountReceivables": -38688000, "otherCashflowsFromFinancingActivities": -293000, "changeToNetincome": 22517000, "capitalExpenditures": -21702000}, "2019-12-31": {"changeToLiabilities": 16860000, "totalCashflowsFromInvestingActivities": -42263000, "netBorrowings": -155382000, "totalCashFromFinancingActivities": -244486000, "changeToOperatingActivities": -1185000, "issuanceOfStock": 18574000, "netIncome": 261575000, "changeInCash": 12225000, "repurchaseOfStock": -23188000, "effectOfExchangeRate": 198000, "totalCashFromOperatingActivities": 298776000, "depreciation": 28885000, "dividendsPaid": -83772000, "changeToInventory": -14165000, "changeToAccountReceivables": -15691000, "otherCashflowsFromFinancingActivities": -718000, "changeToNetincome": 22108000, "capitalExpenditures": -33362000}, "2018-12-31": {"changeToLiabilities": -6567000, "totalCashflowsFromInvestingActivities": -34158000, "netBorrowings": 146526000, "totalCashFromFinancingActivities": -97571000, "changeToOperatingActivities": -2732000, "issuanceOfStock": 13569000, "netIncome": 234461000, "changeInCash": -13582000, "repurchaseOfStock": -187469000, "effectOfExchangeRate": -509000, "totalCashFromOperatingActivities": 118656000, "depreciation": 27222000, "dividendsPaid": -69430000, "changeToInventory": -142170000, "changeToAccountReceivables": -14371000, "otherCashflowsFromFinancingActivities": -767000, "changeToNetincome": 22120000, "capitalExpenditures": -31580000}}, "quarterly": {"2022-06-30": {"changeToLiabilities": -79432000, "totalCashflowsFromInvestingActivities": -18272000, "netBorrowings": 90110000, "totalCashFromFinancingActivities": -164074000, "changeToOperatingActivities": 19219000, "issuanceOfStock": 1972000, "netIncome": 307283000, "changeInCash": 56116000, "repurchaseOfStock": -216260000, "effectOfExchangeRate": 1622000, "totalCashFromOperatingActivities": 236840000, "depreciation": 9879000, "dividendsPaid": -39896000, "changeToInventory": 55492000, "changeToAccountReceivables": -80845000, "changeToNetincome": 5244000, "capitalExpenditures": -10643000}, "2022-03-31": {"changeToLiabilities": 287449000, "totalCashflowsFromInvestingActivities": -9159000, "netBorrowings": 321508000, "totalCashFromFinancingActivities": 228717000, "changeToOperatingActivities": -84068000, "issuanceOfStock": 3135000, "netIncome": 179261000, "changeInCash": 11044000, "repurchaseOfStock": -62420000, "effectOfExchangeRate": -405000, "totalCashFromOperatingActivities": -208109000, "depreciation": 9855000, "dividendsPaid": -32132000, "changeToInventory": -306582000, "changeToAccountReceivables": -303400000, "otherCashflowsFromFinancingActivities": -1374000, "changeToNetincome": 9376000, "capitalExpenditures": -9159000}, "2021-12-31": {"changeToLiabilities": -31723000, "totalCashflowsFromInvestingActivities": -807504000, "netBorrowings": 821387000, "totalCashFromFinancingActivities": 793896000, "changeToOperatingActivities": 13242000, "issuanceOfStock": 5673000, "netIncome": 107609000, "changeInCash": -59154000, "repurchaseOfStock": -64000, "effectOfExchangeRate": 29000, "totalCashFromOperatingActivities": -45575000, "depreciation": 7496000, "dividendsPaid": -32072000, "changeToInventory": -257866000, "changeToAccountReceivables": 106832000, "otherCashflowsFromFinancingActivities": -1028000, "changeToNetincome": 8396000, "capitalExpenditures": -13435000}, "2021-09-30": {"changeToLiabilities": -23752000, "totalCashflowsFromInvestingActivities": -9615000, "netBorrowings": -58769000, "totalCashFromFinancingActivities": -136704000, "changeToOperatingActivities": 42861000, "issuanceOfStock": 3606000, "netIncome": 184665000, "changeInCash": 25010000, "repurchaseOfStock": -47840000, "effectOfExchangeRate": -508000, "totalCashFromOperatingActivities": 171837000, "depreciation": 7484000, "dividendsPaid": -32091000, "changeToInventory": -152549000, "changeToAccountReceivables": 108570000, "otherCashflowsFromFinancingActivities": -1610000, "changeToNetincome": 4558000, "capitalExpenditures": -6890000}}}}, "LKQ": {"balance": {"annual": {"2021-12-31": {"intangibleAssets": 746149000, "capitalSurplus": 1474093000, "totalLiab": 6795493000, "totalStockholderEquity": 5771744000, "minorityInterest": 38917000, "otherCurrentLiab": 219338000, "totalAssets": 12606154000, "commonStock": 3215000, "otherCurrentAssets": 58000000, "retainedEarnings": 5793515000, "otherLiab": 643669000, "goodWill": 4539896000, "treasuryStock": -1499079000, "otherAssets": 224972000, "cash": 274134000, "totalCurrentLiabilities": 2165446000, "deferredLongTermAssetCharges": 31941000, "shortLongTermDebt": 20006000, "otherStockholderEquity": -153130000, "propertyPlantEquipment": 2660064000, "totalCurrentAssets": 4254368000, "longTermInvestments": 180705000, "netTangibleAssets": 485699000, "netReceivables": 1072772000, "longTermDebt": 2740350000, "inventory": 2610515000, "accountsPayable": 1176015000}, "2020-12-31": {"intangibleAssets": 814219000, "capitalSurplus": 1444584000, "totalLiab": 6665156000, "totalStockholderEquity": 5655718000, "minorityInterest": 39659000, "otherCurrentLiab": 233519000, "totalAssets": 12360533000, "commonStock": 3208000, "otherCurrentAssets": 57000000, "retainedEarnings": 4776040000, "otherLiab": 666061000, "goodWill": 4591569000, "treasuryStock": -568114000, "otherAssets": 163662000, "cash": 312154000, "totalCurrentLiabilities": 1988491000, "deferredLongTermAssetCharges": 16965000, "shortLongTermDebt": 103485000, "otherStockholderEquity": -99009000, "propertyPlantEquipment": 2601827000, "totalCurrentAssets": 4034032000, "longTermInvestments": 155224000, "netTangibleAssets": 249930000, "netReceivables": 1073389000, "longTermDebt": 2767544000, "inventory": 2414612000, "accountsPayable": 932406000}, "2019-12-31": {"intangibleAssets": 850338000, "capitalSurplus": 1418239000, "totalLiab": 7707299000, "totalStockholderEquity": 5008876000, "minorityInterest": 63781000, "otherCurrentLiab": 218937000, "totalAssets": 12779956000, "commonStock": 3199000, "otherCurrentAssets": 54975000, "retainedEarnings": 4140136000, "otherLiab": 652452000, "goodWill": 4406535000, "treasuryStock": -552698000, "otherAssets": 149848000, "cash": 523020000, "totalCurrentLiabilities": 2178512000, "deferredLongTermAssetCharges": 10119000, "shortLongTermDebt": 317928000, "otherStockholderEquity": -200885000, "propertyPlantEquipment": 2542911000, "totalCurrentAssets": 4687819000, "longTermInvestments": 142505000, "netTangibleAssets": -247997000, "netReceivables": 1131132000, "longTermDebt": 3707310000, "inventory": 2772777000, "accountsPayable": 942795000}, "2018-12-31": {"intangibleAssets": 928752000, "capitalSurplus": 1415188000, "totalLiab": 6554650000, "totalStockholderEquity": 4782298000, "minorityInterest": 56454000, "otherCurrentLiab": 165694000, "totalAssets": 11393402000, "commonStock": 3184000, "otherCurrentAssets": 56211000, "retainedEarnings": 3598876000, "otherLiab": 634758000, "goodWill": 4381458000, "treasuryStock": -234950000, "otherAssets": 147945000, "cash": 331761000, "totalCurrentLiabilities": 1690348000, "deferredLongTermAssetCharges": 3378000, "shortLongTermDebt": 121953000, "otherStockholderEquity": -174950000, "propertyPlantEquipment": 1220162000, "totalCurrentAssets": 4520949000, "longTermInvestments": 194136000, "netTangibleAssets": -527912000, "netReceivables": 1154083000, "longTermDebt": 4189578000, "inventory": 2836075000, "accountsPayable": 942398000}}, "quarterly": {"2022-06-30": {"intangibleAssets": 669000000, "capitalSurplus": 1492000000, "totalLiab": 6505000000, "totalStockholderEquity": 5590000000, "minorityInterest": 39000000, "otherCurrentLiab": 246000000, "totalAssets": 12134000000, "commonStock": 3000000, "otherCurrentAssets": 58000000, "retainedEarnings": 6344000000, "otherLiab": 580000000, "goodWill": 4290000000, "treasuryStock": -2249000000, "otherAssets": 205000000, "cash": 265000000, "totalCurrentLiabilities": 2485000000, "shortLongTermDebt": 47000000, "otherStockholderEquity": -355000000, "propertyPlantEquipment": 2485000000, "totalCurrentAssets": 4331000000, "longTermInvestments": 154000000, "netTangibleAssets": 631000000, "netReceivables": 1161000000, "longTermDebt": 2266000000, "inventory": 2650000000, "accountsPayable": 1457000000}, "2022-03-31": {"intangibleAssets": 715000000, "capitalSurplus": 1482000000, "totalLiab": 6955000000, "totalStockholderEquity": 5784000000, "minorityInterest": 39000000, "otherCurrentLiab": 353000000, "totalAssets": 12778000000, "commonStock": 3000000, "otherCurrentAssets": 290000000, "retainedEarnings": 5995000000, "otherLiab": 619000000, "goodWill": 4426000000, "treasuryStock": -1696000000, "otherAssets": 219000000, "cash": 327000000, "totalCurrentLiabilities": 2495000000, "shortLongTermDebt": 31000000, "otherStockholderEquity": -206000000, "propertyPlantEquipment": 2557000000, "totalCurrentAssets": 4682000000, "longTermInvestments": 179000000, "netTangibleAssets": 643000000, "netReceivables": 1239000000, "longTermDebt": 2680000000, "inventory": 2573000000, "accountsPayable": 1370000000}, "2021-12-31": {"intangibleAssets": 746149000, "capitalSurplus": 1474093000, "totalLiab": 6795493000, "totalStockholderEquity": 5771744000, "minorityInterest": 38917000, "otherCurrentLiab": 219338000, "totalAssets": 12606154000, "commonStock": 3215000, "otherCurrentAssets": 58000000, "retainedEarnings": 5793515000, "otherLiab": 643669000, "goodWill": 4539896000, "treasuryStock": -1499079000, "otherAssets": 224972000, "cash": 274134000, "totalCurrentLiabilities": 2165446000, "deferredLongTermAssetCharges": 31941000, "shortLongTermDebt": 20006000, "otherStockholderEquity": -153130000, "propertyPlantEquipment": 2660064000, "totalCurrentAssets": 4254368000, "longTermInvestments": 180705000, "netTangibleAssets": 485699000, "netReceivables": 1072772000, "longTermDebt": 2740350000, "inventory": 2610515000, "accountsPayable": 1176015000}, "2021-09-30": {"intangibleAssets": 755426000, "capitalSurplus": 1465346000, "totalLiab": 6518926000, "totalStockholderEquity": 5901809000, "minorityInterest": 40125000, "otherCurrentLiab": 231397000, "totalAssets": 12460860000, "commonStock": 3215000, "otherCurrentAssets": 59000000, "retainedEarnings": 5630632000, "otherLiab": 659235000, "goodWill": 4525474000, "treasuryStock": -1197384000, "otherAssets": 208731000, "cash": 402703000, "totalCurrentLiabilities": 2322259000, "shortLongTermDebt": 36815000, "otherStockholderEquity": -148575000, "propertyPlantEquipment": 2533421000, "totalCurrentAssets": 4259398000, "longTermInvestments": 178410000, "netTangibleAssets": 620909000, "netReceivables": 1185004000, "longTermDebt": 2296557000, "inventory": 2423853000, "accountsPayable": 1262976000}}}, "income": {"annual": {"2021-12-31": {"researchDevelopment": null, "effectOfAccountingCharges": null, "incomeBeforeTax": 1422067000, "minorityInterest": 38917000, "netIncome": 1090873000, "sellingGeneralAdministrative": 3584487000, "grossProfit": 5321981000, "ebit": 1477502000, "operatingIncome": 1477502000, "otherOperatingExpenses": null, "interestExpense": -72078000, "extraordinaryItems": null, "nonRecurring": null, "otherItems": null, "incomeTaxExpense": 330591000, "totalRevenue": 13088504000, "totalOperatingExpenses": 11611002000, "costOfRevenue": 7766523000, "totalOtherIncomeExpenseNet": -55435000, "discontinuedOperations": 648000, "netIncomeFromContinuingOps": 1091476000, "netIncomeApplicableToCommonShares": 1090873000}, "2020-12-31": {"researchDevelopment": null, "effectOfAccountingCharges": null, "incomeBeforeTax": 890007000, "minorityInterest": 39659000, "netIncome": 638423000, "sellingGeneralAdministrative": 3324249000, "grossProfit": 4598990000, "ebit": 1002449000, "operatingIncome": 1002449000, "otherOperatingExpenses": null, "interestExpense": -103784000, "extraordinaryItems": null, "nonRecurring": null, "otherItems": null, "incomeTaxExpense": 249498000, "totalRevenue": 11628830000, "totalOperatingExpenses": 10626381000, "costOfRevenue": 7029840000, "totalOtherIncomeExpenseNet": -112442000, "discontinuedOperations": -198000, "netIncomeFromContinuingOps": 640509000, "netIncomeApplicableToCommonShares": 638423000}, "2019-12-31": {"researchDevelopment": null, "effectOfAccountingCharges": null, "incomeBeforeTax": 758745000, "minorityInterest": 63781000, "netIncome": 541260000, "sellingGeneralAdministrative": 3581258000, "grossProfit": 4872448000, "ebit": 1000420000, "operatingIncome": 1000420000, "otherOperatingExpenses": null, "interestExpense": -138504000, "extraordinaryItems": null, "nonRecurring": null, "otherItems": null, "incomeTaxExpense": 215330000, "totalRevenue": 12506109000, "totalOperatingExpenses": 11505689000, "costOfRevenue": 7633661000, "totalOtherIncomeExpenseNet": -241675000, "discontinuedOperations": 645000, "netIncomeFromContinuingOps": 543415000, "netIncomeApplicableToCommonShares": 541260000}, "2018-12-31": {"researchDevelopment": null, "effectOfAccountingCharges": null, "incomeBeforeTax": 678960000, "minorityInterest": 56454000, "netIncome": 480118000, "sellingGeneralAdministrative": 3353278000, "grossProfit": 4574857000, "ebit": 947366000, "operatingIncome": 947366000, "otherOperatingExpenses": null, "interestExpense": -146377000, "extraordinaryItems": null, "nonRecurring": null, "otherItems": null, "incomeTaxExpense": 191395000, "totalRevenue": 11876674000, "totalOperatingExpenses": 10929308000, "costOfRevenue": 7301817000, "totalOtherIncomeExpenseNet": -268406000, "discontinuedOperations": -4397000, "netIncomeFromContinuingOps": 487565000, "netIncomeApplicableToCommonShares": 480118000}}, "quarterly": {"2022-06-30": {"researchDevelopment": null, "effectOfAccountingCharges": null, "incomeBeforeTax": 547000000, "minorityInterest": 39000000, "netIncome": 420000000, "sellingGeneralAdministrative": 898000000, "grossProfit": 1367000000, "ebit": 408000000, "operatingIncome": 408000000, "otherOperatingExpenses": null, "interestExpense": -14000000, "extraordinaryItems": null, "nonRecurring": null, "otherItems": null, "incomeTaxExpense": 127000000, "totalRevenue": 3341000000, "totalOperatingExpenses": 2933000000, "costOfRevenue": 1974000000, "totalOtherIncomeExpenseNet": 139000000, "discontinuedOperations": null, "netIncomeFromContinuingOps": 420000000, "netIncomeApplicableToCommonShares": 420000000}, "2022-03-31": {"researchDevelopment": null, "effectOfAccountingCharges": null, "incomeBeforeTax": 358000000, "minorityInterest": 39000000, "netIncome": 273000000, "sellingGeneralAdministrative": 924000000, "grossProfit": 1357000000, "ebit": 374000000, "operatingIncome": 374000000, "otherOperatingExpenses": null, "interestExpense": -15000000, "extraordinaryItems": null, "nonRecurring": null, "otherItems": null, "incomeTaxExpense": 89000000, "totalRevenue": 3348000000, "totalOperatingExpenses": 2974000000, "costOfRevenue": 1991000000, "totalOtherIncomeExpenseNet": -16000000, "discontinuedOperations": 4000000, "netIncomeFromContinuingOps": 269000000, "netIncomeApplicableToCommonShares": 273000000}, "2021-12-31": {"researchDevelopment": null, "effectOfAccountingCharges": null, "incomeBeforeTax": 276693000, "minorityInterest": 38917000, "netIncome": 236281000, "sellingGeneralAdministrative": 919604000, "grossProfit": 1269876000, "ebit": 285097000, "operatingIncome": 285097000, "otherOperatingExpenses": null, "interestExpense": -15408000, "extraordinaryItems": null, "nonRecurring": null, "otherItems": null, "incomeTaxExpense": 40563000, "totalRevenue": 3185993000, "totalOperatingExpenses": 2900896000, "costOfRevenue": 1916117000, "totalOtherIncomeExpenseNet": -8404000, "discontinuedOperations": 648000, "netIncomeFromContinuingOps": 236130000, "netIncomeApplicableToCommonShares": 236281000}, "2021-09-30": {"researchDevelopment": null, "effectOfAccountingCharges": null, "incomeBeforeTax": 373346000, "minorityInterest": 40125000, "netIncome": 284055000, "sellingGeneralAdministrative": 899125000, "grossProfit": 1343229000, "ebit": 380109000, "operatingIncome": 380109000, "otherOperatingExpenses": null, "interestExpense": -15427000, "extraordinaryItems": null, "nonRecurring": null, "otherItems": null, "incomeTaxExpense": 89340000, "totalRevenue": 3296611000, "totalOperatingExpenses": 2916502000, "costOfRevenue": 1953382000, "totalOtherIncomeExpenseNet": -6763000, "discontinuedOperations": 648000, "netIncomeFromContinuingOps": 284006000, "netIncomeApplicableToCommonShares": 284055000}}}, "cash": {"annual": {"2021-12-31": {"changeToLiabilities": 283185000, "totalCashflowsFromInvestingActivities": -418758000, "netBorrowings": 85300000, "totalCashFromFinancingActivities": -985135000, "changeToOperatingActivities": 29895000, "netIncome": 1090873000, "changeInCash": -38020000, "repurchaseOfStock": -876844000, "effectOfExchangeRate": -1174000, "totalCashFromOperatingActivities": 1367047000, "depreciation": 283091000, "otherCashflowsFromInvestingActivities": -20959000, "dividendsPaid": -72873000, "changeToInventory": -234514000, "changeToAccountReceivables": -16234000, "otherCashflowsFromFinancingActivities": -120718000, "changeToNetincome": -4198000, "capitalExpenditures": -293466000}, "2020-12-31": {"changeToLiabilities": -64032000, "totalCashflowsFromInvestingActivities": -165887000, "netBorrowings": -1364544000, "totalCashFromFinancingActivities": -1512551000, "changeToOperatingActivities": -856000, "netIncome": 638423000, "changeInCash": -222703000, "repurchaseOfStock": -117292000, "effectOfExchangeRate": 11865000, "totalCashFromOperatingActivities": 1443870000, "depreciation": 293964000, "otherCashflowsFromInvestingActivities": -2579000, "dividendsPaid": -72873000, "changeToInventory": 433072000, "changeToAccountReceivables": 93588000, "otherCashflowsFromFinancingActivities": -30715000, "changeToNetincome": 14766000, "capitalExpenditures": -172695000}, "2019-12-31": {"changeToLiabilities": 3712000, "totalCashflowsFromInvestingActivities": -264853000, "netBorrowings": -300558000, "totalCashFromFinancingActivities": -600669000, "changeToOperatingActivities": 26574000, "netIncome": 541260000, "changeInCash": 197607000, "repurchaseOfStock": -291813000, "effectOfExchangeRate": -904000, "totalCashFromOperatingActivities": 1064033000, "depreciation": 312082000, "otherCashflowsFromInvestingActivities": 12128000, "dividendsPaid": -72873000, "changeToInventory": 15460000, "changeToAccountReceivables": 26419000, "otherCashflowsFromFinancingActivities": -8298000, "changeToNetincome": 112750000, "capitalExpenditures": -265730000}, "2018-12-31": {"investments": -60300000, "changeToLiabilities": -77621000, "totalCashflowsFromInvestingActivities": -1458939000, "netBorrowings": 959037000, "totalCashFromFinancingActivities": 882995000, "changeToOperatingActivities": 6967000, "netIncome": 480118000, "changeInCash": 57484000, "repurchaseOfStock": -60000000, "effectOfExchangeRate": -77311000, "totalCashFromOperatingActivities": 710739000, "depreciation": 294077000, "otherCashflowsFromInvestingActivities": 38724000, "dividendsPaid": -72873000, "changeToInventory": -127153000, "changeToAccountReceivables": 241000, "otherCashflowsFromFinancingActivities": -16042000, "changeToNetincome": 136235000, "capitalExpenditures": -250027000}}, "quarterly": {"2022-06-30": {"changeToLiabilities": 103000000, "totalCashflowsFromInvestingActivities": 328000000, "netBorrowings": -248000000, "totalCashFromFinancingActivities": -707000000, "changeToOperatingActivities": -10000000, "netIncome": 420000000, "changeInCash": -62000000, "repurchaseOfStock": -384000000, "effectOfExchangeRate": -20000000, "totalCashFromOperatingActivities": 328000000, "depreciation": 68000000, "dividendsPaid": -71000000, "changeToInventory": -161000000, "changeToAccountReceivables": 44000000, "otherCashflowsFromFinancingActivities": -4000000, "changeToNetincome": -150000000, "capitalExpenditures": -40000000}, "2022-03-31": {"changeToLiabilities": 309000000, "totalCashflowsFromInvestingActivities": -63000000, "netBorrowings": -53000000, "totalCashFromFinancingActivities": -278000000, "changeToOperatingActivities": 21000000, "netIncome": 273000000, "changeInCash": 53000000, "repurchaseOfStock": -144000000, "effectOfExchangeRate": -6000000, "totalCashFromOperatingActivities": 409000000, "depreciation": 65000000, "otherCashflowsFromInvestingActivities": -6000000, "dividendsPaid": -71000000, "changeToInventory": -98000000, "changeToAccountReceivables": -230000000, "otherCashflowsFromFinancingActivities": -10000000, "changeToNetincome": 9000000, "capitalExpenditures": -59000000}, "2021-12-31": {"changeToLiabilities": -94985000, "totalCashflowsFromInvestingActivities": -217916000, "netBorrowings": 455311000, "totalCashFromFinancingActivities": 80676000, "changeToOperatingActivities": -98511000, "netIncome": 236281000, "changeInCash": -128569000, "repurchaseOfStock": -302259000, "effectOfExchangeRate": 3652000, "totalCashFromOperatingActivities": 5019000, "depreciation": 71188000, "otherCashflowsFromInvestingActivities": -3416000, "dividendsPaid": -72873000, "changeToInventory": -181660000, "changeToAccountReceivables": 117533000, "otherCashflowsFromFinancingActivities": 497000, "changeToNetincome": -8456000, "capitalExpenditures": -160761000}, "2021-09-30": {"changeToLiabilities": 93698000, "totalCashflowsFromInvestingActivities": -91826000, "netBorrowings": -23220000, "totalCashFromFinancingActivities": -257104000, "changeToOperatingActivities": 36459000, "netIncome": 284055000, "changeInCash": 74003000, "repurchaseOfStock": -230755000, "effectOfExchangeRate": -6005000, "totalCashFromOperatingActivities": 428938000, "depreciation": 69942000, "otherCashflowsFromInvestingActivities": -14041000, "dividendsPaid": -72873000, "changeToInventory": -60138000, "changeToAccountReceivables": 27567000, "otherCashflowsFromFinancingActivities": -3129000, "changeToNetincome": -12765000, "capitalExpenditures": -44851000}}}}, "HSIC": {"balance": {"annual": {"2021-12-25": {"intangibleAssets": 732975000, "totalLiab": 3804587000, "totalStockholderEquity": 3425126000, "minorityInterest": 1251378000, "otherCurrentLiab": 230439000, "totalAssets": 8481091000, "commonStock": 1371000, "retainedEarnings": 3595233000, "otherLiab": 418955000, "goodWill": 2854150000, "treasuryStock": -171478000, "otherAssets": 190407000, "cash": 117965000, "totalCurrentLiabilities": 2306514000, "deferredLongTermAssetCharges": 34607000, "shortLongTermDebt": 7424000, "otherStockholderEquity": -171478000, "propertyPlantEquipment": 691406000, "totalCurrentAssets": 3844035000, "longTermInvestments": 168118000, "netTangibleAssets": -161999000, "netReceivables": 1451829000, "longTermDebt": 807386000, "inventory": 1861138000, "accountsPayable": 1053934000}, "2020-12-26": {"intangibleAssets": 527079000, "totalLiab": 3460448000, "totalStockholderEquity": 3348172000, "minorityInterest": 963912000, "otherCurrentLiab": 210171000, "totalAssets": 7772532000, "commonStock": 1425000, "retainedEarnings": 3454831000, "otherLiab": 422846000, "goodWill": 2504392000, "treasuryStock": -108084000, "otherAssets": 149413000, "cash": 421185000, "totalCurrentLiabilities": 2283102000, "deferredLongTermAssetCharges": 42594000, "shortLongTermDebt": 107416000, "otherStockholderEquity": -108084000, "propertyPlantEquipment": 630851000, "totalCurrentAssets": 3791415000, "longTermInvestments": 169382000, "netTangibleAssets": 316701000, "netReceivables": 1424787000, "longTermDebt": 512232000, "inventory": 1512499000, "accountsPayable": 1005655000}, "2019-12-28": {"intangibleAssets": 615323000, "capitalSurplus": 47768000, "totalLiab": 3233706000, "totalStockholderEquity": 2998044000, "minorityInterest": 919351000, "otherCurrentLiab": 235971000, "totalAssets": 7151101000, "commonStock": 1434000, "retainedEarnings": 3116215000, "otherLiab": 396162000, "goodWill": 2462495000, "treasuryStock": -167373000, "otherAssets": 120815000, "cash": 106097000, "totalCurrentLiabilities": 2038369000, "deferredLongTermAssetCharges": 23625000, "shortLongTermDebt": 108113000, "otherStockholderEquity": -167373000, "propertyPlantEquipment": 561307000, "totalCurrentAssets": 3226502000, "longTermInvestments": 164659000, "netTangibleAssets": -79774000, "netReceivables": 1246246000, "longTermDebt": 619250000, "inventory": 1428799000, "accountsPayable": 880266000}, "2018-12-29": {"intangibleAssets": 414272000, "totalLiab": 4646583000, "totalStockholderEquity": 2961332000, "minorityInterest": 892612000, "otherCurrentLiab": 797520000, "totalAssets": 8500527000, "commonStock": 1514000, "otherCurrentAssets": 1083014000, "retainedEarnings": 3208589000, "otherLiab": 447412000, "goodWill": 2081029000, "treasuryStock": -248771000, "otherAssets": 1254831000, "cash": 56885000, "totalCurrentLiabilities": 3218827000, "deferredLongTermAssetCharges": 12196000, "shortLongTermDebt": 7304000, "otherStockholderEquity": -248771000, "propertyPlantEquipment": 314221000, "totalCurrentAssets": 4175220000, "longTermInvestments": 260954000, "netTangibleAssets": 466031000, "netReceivables": 1168776000, "longTermDebt": 977376000, "inventory": 1415512000, "accountsPayable": 785756000}}, "quarterly": {"2022-06-25": {"intangibleAssets": 603000000, "totalLiab": 3511000000, "totalStockholderEquity": 3594000000, "minorityInterest": 1219000000, "otherCurrentLiab": 212000000, "totalAssets": 8324000000, "commonStock": 1000000, "retainedEarnings": 3834000000, "otherLiab": 390000000, "goodWill": 2833000000, "treasuryStock": -241000000, "cash": 108000000, "totalCurrentLiabilities": 2076000000, "shortLongTermDebt": 4000000, "otherStockholderEquity": -241000000, "propertyPlantEquipment": 683000000, "totalCurrentAssets": 3789000000, "longTermInvestments": 416000000, "netTangibleAssets": 158000000, "netReceivables": 1409000000, "longTermDebt": 762000000, "inventory": 1823000000, "accountsPayable": 901000000}, "2022-03-26": {"otherCurrentLiab": 268000000, "longTermDebt": 766000000}, "2021-12-25": {"intangibleAssets": 732975000, "totalLiab": 3804587000, "totalStockholderEquity": 3425126000, "minorityInterest": 1251378000, "otherCurrentLiab": 230439000, "totalAssets": 8481091000, "commonStock": 1371000, "retainedEarnings": 3595233000, "otherLiab": 418955000, "goodWill": 2854150000, "treasuryStock": -171478000, "otherAssets": 190407000, "cash": 117965000, "totalCurrentLiabilities": 2306514000, "deferredLongTermAssetCharges": 34607000, "shortLongTermDebt": 7424000, "otherStockholderEquity": -171478000, "propertyPlantEquipment": 691406000, "totalCurrentAssets": 3844035000, "longTermInvestments": 168118000, "netTangibleAssets": -161999000, "netReceivables": 1451829000, "longTermDebt": 807386000, "inventory": 1861138000, "accountsPayable": 1053934000}, "2021-09-25": {"intangibleAssets": 645832000, "totalLiab": 3702556000, "totalStockholderEquity": 3457989000, "minorityInterest": 1260207000, "otherCurrentLiab": 159851000, "totalAssets": 8420752000, "commonStock": 1391000, "retainedEarnings": 3594238000, "otherLiab": 425459000, "goodWill": 2779234000, "treasuryStock": -137640000, "cash": 119133000, "totalCurrentLiabilities": 2301405000, "shortLongTermDebt": 7419000, "otherStockholderEquity": -137640000, "propertyPlantEquipment": 685561000, "totalCurrentAssets": 3912361000, "longTermInvestments": 397764000, "netTangibleAssets": 32923000, "netReceivables": 1551946000, "longTermDebt": 702580000, "inventory": 1784050000, "accountsPayable": 1057127000}}}, "income": {"annual": {"2021-12-25": {"researchDevelopment": null, "effectOfAccountingCharges": null, "incomeBeforeTax": 857875000, "minorityInterest": 1251378000, "netIncome": 631232000, "sellingGeneralAdministrative": 2824043000, "grossProfit": 3672251000, "ebit": 848208000, "operatingIncome": 848208000, "otherOperatingExpenses": null, "interestExpense": -27600000, "extraordinaryItems": null, "nonRecurring": null, "otherItems": null, "incomeTaxExpense": 197349000, "totalRevenue": 12401021000, "totalOperatingExpenses": 11552813000, "costOfRevenue": 8728770000, "totalOtherIncomeExpenseNet": 9667000, "discontinuedOperations": null, "netIncomeFromContinuingOps": 660526000, "netIncomeApplicableToCommonShares": 631232000}, "2020-12-26": {"researchDevelopment": null, "effectOfAccountingCharges": null, "incomeBeforeTax": 513811000, "minorityInterest": 963912000, "netIncome": 403794000, "sellingGeneralAdministrative": 2247757000, "grossProfit": 2814228000, "ebit": 566471000, "operatingIncome": 566471000, "otherOperatingExpenses": null, "interestExpense": -41377000, "extraordinaryItems": null, "nonRecurring": null, "otherItems": null, "incomeTaxExpense": 95374000, "totalRevenue": 10119141000, "totalOperatingExpenses": 9552670000, "costOfRevenue": 7304913000, "totalOtherIncomeExpenseNet": -52660000, "discontinuedOperations": 986000, "netIncomeFromContinuingOps": 418437000, "netIncomeApplicableToCommonShares": 403794000}, "2019-12-28": {"researchDevelopment": null, "effectOfAccountingCharges": null, "incomeBeforeTax": 884976000, "minorityInterest": 919351000, "netIncome": 694734000, "sellingGeneralAdministrative": 2357920000, "grossProfit": 3090886000, "ebit": 732966000, "operatingIncome": 732966000, "otherOperatingExpenses": null, "interestExpense": -50792000, "extraordinaryItems": null, "nonRecurring": null, "otherItems": null, "incomeTaxExpense": 159515000, "totalRevenue": 9985803000, "totalOperatingExpenses": 9252837000, "costOfRevenue": 6894917000, "totalOtherIncomeExpenseNet": 152010000, "discontinuedOperations": -5957000, "netIncomeFromContinuingOps": 725461000, "netIncomeApplicableToCommonShares": 694734000}, "2018-12-29": {"researchDevelopment": null, "effectOfAccountingCharges": null, "incomeBeforeTax": 557873000, "minorityInterest": 892612000, "netIncome": 535881000, "sellingGeneralAdministrative": 2217273000, "grossProfit": 2910747000, "ebit": 693474000, "operatingIncome": 693474000, "otherOperatingExpenses": null, "interestExpense": -76016000, "extraordinaryItems": null, "nonRecurring": null, "otherItems": null, "incomeTaxExpense": 107432000, "totalRevenue": 9417603000, "totalOperatingExpenses": 8724129000, "costOfRevenue": 6506856000, "totalOtherIncomeExpenseNet": -135601000, "discontinuedOperations": 105164000, "netIncomeFromContinuingOps": 450441000, "netIncomeApplicableToCommonShares": 535881000}}, "quarterly": {"2022-06-25": {"researchDevelopment": null, "effectOfAccountingCharges": null, "incomeBeforeTax": 219000000, "minorityInterest": 1219000000, "netIncome": 160000000, "sellingGeneralAdministrative": 680000000, "grossProfit": 945000000, "ebit": 220000000, "operatingIncome": 220000000, "otherOperatingExpenses": null, "interestExpense": -9000000, "extraordinaryItems": null, "nonRecurring": null, "otherItems": null, "incomeTaxExpense": 52000000, "totalRevenue": 3030000000, "totalOperatingExpenses": 2810000000, "costOfRevenue": 2085000000, "totalOtherIncomeExpenseNet": -1000000, "discontinuedOperations": null, "netIncomeFromContinuingOps": 167000000, "netIncomeApplicableToCommonShares": 160000000}, "2022-03-26": {"researchDevelopment": null, "effectOfAccountingCharges": null, "incomeBeforeTax": 219000000, "minorityInterest": 1219000000, "netIncome": 0, "sellingGeneralAdministrative": 680000000, "grossProfit": 0, "ebit": 0, "operatingIncome": 220000000, "otherOperatingExpenses": null, "interestExpense": -9000000, "extraordinaryItems": null, "nonRecurring": null, "otherItems": null, "incomeTaxExpense": 0, "totalRevenue": 0, "totalOperatingExpenses": 0, "costOfRevenue": 0, "totalOtherIncomeExpenseNet": 0, "discontinuedOperations": null, "netIncomeFromContinuingOps": 167000000, "netIncomeApplicableToCommonShares": 160000000}, "2021-12-25": {"researchDevelopment": null, "effectOfAccountingCharges": null, "incomeBeforeTax": 195508000, "minorityInterest": 1251378000, "netIncome": 147233000, "sellingGeneralAdministrative": 785751000, "grossProfit": 979504000, "ebit": 193753000, "operatingIncome": 193753000, "otherOperatingExpenses": null, "interestExpense": -8189000, "extraordinaryItems": null, "nonRecurring": null, "otherItems": null, "incomeTaxExpense": 43361000, "totalRevenue": 3330522000, "totalOperatingExpenses": 3136769000, "costOfRevenue": 2351018000, "totalOtherIncomeExpenseNet": 1755000, "discontinuedOperations": null, "netIncomeFromContinuingOps": 152147000, "netIncomeApplicableToCommonShares": 147233000}, "2021-09-25": {"researchDevelopment": null, "effectOfAccountingCharges": null, "incomeBeforeTax": 218750000, "minorityInterest": 1260207000, "netIncome": 162286000, "sellingGeneralAdministrative": 701499000, "grossProfit": 912145000, "ebit": 210646000, "operatingIncome": 210646000, "otherOperatingExpenses": null, "interestExpense": -6550000, "extraordinaryItems": null, "nonRecurring": null, "otherItems": null, "incomeTaxExpense": 49276000, "totalRevenue": 3178315000, "totalOperatingExpenses": 2967669000, "costOfRevenue": 2266170000, "totalOtherIncomeExpenseNet": 8104000, "discontinuedOperations": null, "netIncomeFromContinuingOps": 169474000, "netIncomeApplicableToCommonShares": 162286000}}}, "cash": {"annual": {"2021-12-25": {"investments": -560801000, "changeToLiabilities": 84708000, "totalCashflowsFromInvestingActivities": -677217000, "netBorrowings": 164322000, "totalCashFromFinancingActivities": -332957000, "changeToOperatingActivities": 9060000, "netIncome": 631232000, "changeInCash": -303220000, "repurchaseOfStock": -408682000, "effectOfExchangeRate": -2626000, "totalCashFromOperatingActivities": 709580000, "depreciation": 209528000, "otherCashflowsFromInvestingActivities": -37401000, "changeToInventory": -295131000, "changeToAccountReceivables": 4162000, "otherCashflowsFromFinancingActivities": -88597000, "changeToNetincome": 66021000, "capitalExpenditures": -79015000}, "2020-12-26": {"investments": -46153000, "changeToLiabilities": 224273000, "totalCashflowsFromInvestingActivities": -115019000, "netBorrowings": -64713000, "totalCashFromFinancingActivities": -187185000, "changeToOperatingActivities": -6479000, "netIncome": 403794000, "changeInCash": 315088000, "repurchaseOfStock": -88088000, "effectOfExchangeRate": 18382000, "totalCashFromOperatingActivities": 598910000, "depreciation": 185538000, "otherCashflowsFromInvestingActivities": -20037000, "changeToInventory": -31817000, "changeToAccountReceivables": -189349000, "otherCashflowsFromFinancingActivities": -34384000, "changeToNetincome": 12950000, "capitalExpenditures": -48829000}, "2019-12-28": {"investments": -348628000, "changeToLiabilities": 160851000, "totalCashflowsFromInvestingActivities": -424373000, "netBorrowings": -1188115000, "totalCashFromFinancingActivities": -215980000, "changeToOperatingActivities": -57291000, "issuanceOfStock": 361124000, "netIncome": 694734000, "changeInCash": 25888000, "repurchaseOfStock": -535814000, "effectOfExchangeRate": 12154000, "totalCashFromOperatingActivities": 654087000, "depreciation": 184942000, "otherCashflowsFromInvestingActivities": 474000, "changeToInventory": 14702000, "changeToAccountReceivables": -72689000, "otherCashflowsFromFinancingActivities": 1146825000, "changeToNetincome": -271162000, "capitalExpenditures": -76219000}, "2018-12-29": {"investments": -52240000, "changeToLiabilities": 180606000, "totalCashflowsFromInvestingActivities": -192954000, "netBorrowings": 301006000, "totalCashFromFinancingActivities": -603776000, "changeToOperatingActivities": -165645000, "issuanceOfStock": 3076000, "netIncome": 535881000, "changeInCash": -94449000, "repurchaseOfStock": -218023000, "effectOfExchangeRate": 17575000, "totalCashFromOperatingActivities": 684706000, "depreciation": 143630000, "otherCashflowsFromInvestingActivities": -69431000, "changeToInventory": -41042000, "changeToAccountReceivables": -127201000, "otherCashflowsFromFinancingActivities": -689835000, "changeToNetincome": 158477000, "capitalExpenditures": -71283000}}, "quarterly": {"2022-06-25": {"investments": -2000000, "changeToLiabilities": -10000000, "totalCashflowsFromInvestingActivities": -32000000, "netBorrowings": -4000000, "totalCashFromFinancingActivities": -133000000, "changeToOperatingActivities": -63000000, "netIncome": 160000000, "changeInCash": -18000000, "repurchaseOfStock": -113000000, "effectOfExchangeRate": -10000000, "totalCashFromOperatingActivities": 157000000, "depreciation": 53000000, "otherCashflowsFromInvestingActivities": -6000000, "changeToInventory": 13000000, "changeToAccountReceivables": 5000000, "otherCashflowsFromFinancingActivities": -16000000, "changeToNetincome": -1000000, "capitalExpenditures": -24000000}, "2022-03-26": {"investments": -2000000, "changeToLiabilities": 0, "totalCashflowsFromInvestingActivities": -32000000, "netBorrowings": -4000000, "totalCashFromFinancingActivities": -133000000, "changeToOperatingActivities": -63000000, "netIncome": 0, "changeInCash": -18000000, "repurchaseOfStock": -113000000, "effectOfExchangeRate": -10000000, "totalCashFromOperatingActivities": 157000000, "depreciation": 53000000, "otherCashflowsFromInvestingActivities": -6000000, "changeToInventory": 13000000, "changeToAccountReceivables": 5000000, "otherCashflowsFromFinancingActivities": -16000000, "changeToNetincome": -1000000, "capitalExpenditures": -24000000}, "2021-12-25": {"investments": -155193000, "changeToLiabilities": 7687000, "totalCashflowsFromInvestingActivities": -198216000, "netBorrowings": 99285000, "totalCashFromFinancingActivities": -78484000, "changeToOperatingActivities": 50711000, "netIncome": 147233000, "changeInCash": -1168000, "repurchaseOfStock": -150099000, "effectOfExchangeRate": -1107000, "totalCashFromOperatingActivities": 276639000, "depreciation": 58695000, "otherCashflowsFromInvestingActivities": -12714000, "changeToInventory": -87210000, "changeToAccountReceivables": 87263000, "otherCashflowsFromFinancingActivities": -27670000, "changeToNetincome": 12260000, "capitalExpenditures": -30309000}, "2021-09-25": {"investments": -109956000, "changeToLiabilities": 212836000, "totalCashflowsFromInvestingActivities": -137882000, "netBorrowings": -9256000, "totalCashFromFinancingActivities": -115078000, "changeToOperatingActivities": 44328000, "netIncome": 162286000, "changeInCash": -48095000, "repurchaseOfStock": -50013000, "effectOfExchangeRate": -6350000, "totalCashFromOperatingActivities": 211215000, "depreciation": 51555000, "otherCashflowsFromInvestingActivities": -11032000, "changeToInventory": -84163000, "changeToAccountReceivables": -184720000, "otherCashflowsFromFinancingActivities": -55809000, "changeToNetincome": 9093000, "capitalExpenditures": -16894000}}}}}