{"MCK": {"balance": {"annual": {"2022-03-31": {"intangibleAssets": 2379000000, "capitalSurplus": 7275000000, "totalLiab": 65090000000, "totalStockholderEquity": -2272000000, "minorityInterest": 480000000, "otherCurrentLiab": 4799000000, "totalAssets": 63298000000, "commonStock": 2000000, "otherCurrentAssets": 4949000000, "retainedEarnings": 9030000000, "otherLiab": 10142000000, "goodWill": 9451000000, "treasuryStock": -18579000000, "otherAssets": 1251000000, "cash": 3532000000, "totalCurrentLiabilities": 48466000000, "shortLongTermDebt": 813000000, "otherStockholderEquity": -1534000000, "propertyPlantEquipment": 3640000000, "totalCurrentAssets": 46231000000, "longTermInvestments": 346000000, "netTangibleAssets": -14102000000, "netReceivables": 18583000000, "longTermDebt": 4931000000, "inventory": 18702000000, "accountsPayable": 38086000000}, "2021-03-31": {"intangibleAssets": 3391000000, "capitalSurplus": 6925000000, "totalLiab": 63569000000, "totalStockholderEquity": -21000000, "minorityInterest": 1467000000, "otherCurrentLiab": 167000000, "totalAssets": 65015000000, "commonStock": 2000000, "otherCurrentAssets": 134000000, "retainedEarnings": 8202000000, "otherLiab": 11101000000, "goodWill": 9493000000, "treasuryStock": -15150000000, "otherAssets": 1799000000, "cash": 6278000000, "totalCurrentLiabilities": 44103000000, "shortLongTermDebt": 774000000, "otherStockholderEquity": -1480000000, "propertyPlantEquipment": 4681000000, "totalCurrentAssets": 45382000000, "longTermInvestments": 269000000, "netTangibleAssets": -12905000000, "netReceivables": 19181000000, "longTermDebt": 6292000000, "inventory": 19246000000, "accountsPayable": 38975000000}, "2020-03-31": {"intangibleAssets": 3556000000, "capitalSurplus": 6663000000, "totalLiab": 54536000000, "totalStockholderEquity": 5092000000, "minorityInterest": 1619000000, "otherCurrentLiab": 801000000, "totalAssets": 61247000000, "commonStock": 2000000, "otherCurrentAssets": 1028000000, "retainedEarnings": 13022000000, "otherLiab": 3917000000, "goodWill": 9360000000, "treasuryStock": -14595000000, "otherAssets": 1688000000, "cash": 4015000000, "totalCurrentLiabilities": 42624000000, "shortLongTermDebt": 1056000000, "otherStockholderEquity": -1703000000, "propertyPlantEquipment": 4251000000, "totalCurrentAssets": 42222000000, "longTermInvestments": 170000000, "netTangibleAssets": -7824000000, "netReceivables": 19950000000, "longTermDebt": 6184000000, "inventory": 16734000000, "accountsPayable": 37195000000}, "2019-03-31": {"intangibleAssets": 4083000000, "capitalSurplus": 6435000000, "totalLiab": 49992000000, "totalStockholderEquity": 8094000000, "minorityInterest": 1586000000, "otherCurrentLiab": 136000000, "totalAssets": 59672000000, "commonStock": 3000000, "otherCurrentAssets": 17000000, "retainedEarnings": 12409000000, "otherLiab": 5068000000, "goodWill": 9358000000, "treasuryStock": -10753000000, "otherAssets": 1705000000, "cash": 2981000000, "totalCurrentLiabilities": 37626000000, "shortLongTermDebt": 348000000, "otherStockholderEquity": -1851000000, "propertyPlantEquipment": 2548000000, "totalCurrentAssets": 38465000000, "longTermInvestments": 3513000000, "netTangibleAssets": -5347000000, "netReceivables": 18246000000, "longTermDebt": 7255000000, "inventory": 16709000000, "accountsPayable": 33853000000}}, "quarterly": {"2022-06-30": {"intangibleAssets": 1976000000, "capitalSurplus": 7350000000, "totalLiab": 63767000000, "totalStockholderEquity": -2004000000, "minorityInterest": 532000000, "otherCurrentLiab": 2324000000, "totalAssets": 62295000000, "commonStock": 3000000, "otherCurrentAssets": 3259000000, "retainedEarnings": 9732000000, "otherLiab": 10226000000, "goodWill": 9368000000, "treasuryStock": -19089000000, "otherAssets": 1887000000, "cash": 2233000000, "totalCurrentLiabilities": 47201000000, "shortLongTermDebt": 799000000, "otherStockholderEquity": -948000000, "propertyPlantEquipment": 3681000000, "totalCurrentAssets": 45383000000, "netTangibleAssets": -13348000000, "netReceivables": 19900000000, "longTermDebt": 4976000000, "inventory": 19505000000, "accountsPayable": 39708000000}, "2022-03-31": {"intangibleAssets": 2379000000, "capitalSurplus": 7275000000, "totalLiab": 65090000000, "totalStockholderEquity": -2272000000, "minorityInterest": 480000000, "otherCurrentLiab": 4799000000, "totalAssets": 63298000000, "commonStock": 2000000, "otherCurrentAssets": 4949000000, "retainedEarnings": 9030000000, "otherLiab": 10142000000, "goodWill": 9451000000, "treasuryStock": -18579000000, "otherAssets": 1251000000, "cash": 3532000000, "totalCurrentLiabilities": 48466000000, "shortLongTermDebt": 813000000, "otherStockholderEquity": -1534000000, "propertyPlantEquipment": 3640000000, "totalCurrentAssets": 46231000000, "longTermInvestments": 346000000, "netTangibleAssets": -14102000000, "netReceivables": 18583000000, "longTermDebt": 4931000000, "inventory": 18702000000, "accountsPayable": 38086000000}, "2021-12-31": {"intangibleAssets": 2130000000, "capitalSurplus": 7411000000, "totalLiab": 64495000000, "totalStockholderEquity": -1274000000, "minorityInterest": 487000000, "otherCurrentLiab": 5975000000, "totalAssets": 63708000000, "commonStock": 2000000, "otherCurrentAssets": 5940000000, "retainedEarnings": 8734000000, "otherLiab": 10076000000, "goodWill": 9462000000, "treasuryStock": -17421000000, "otherAssets": 1971000000, "cash": 2754000000, "totalCurrentLiabilities": 47452000000, "shortLongTermDebt": 466000000, "otherStockholderEquity": -1655000000, "propertyPlantEquipment": 3645000000, "totalCurrentAssets": 46498000000, "longTermInvestments": 2000000, "netTangibleAssets": -12866000000, "netReceivables": 18355000000, "longTermDebt": 5323000000, "inventory": 19024000000, "accountsPayable": 37183000000}, "2021-09-30": {"intangibleAssets": 2385000000, "capitalSurplus": 7311000000, "totalLiab": 63688000000, "totalStockholderEquity": -571000000, "minorityInterest": 484000000, "otherCurrentLiab": 3504000000, "totalAssets": 63601000000, "commonStock": 2000000, "otherCurrentAssets": 3470000000, "retainedEarnings": 8812000000, "otherLiab": 9988000000, "goodWill": 9473000000, "treasuryStock": -16696000000, "otherAssets": 2173000000, "cash": 2151000000, "totalCurrentLiabilities": 46075000000, "shortLongTermDebt": 75000000, "otherStockholderEquity": -1665000000, "propertyPlantEquipment": 3990000000, "totalCurrentAssets": 45580000000, "netTangibleAssets": -12429000000, "netReceivables": 20140000000, "longTermDebt": 5769000000, "inventory": 19342000000, "accountsPayable": 38922000000}}}, "income": {"annual": {"2022-03-31": {"researchDevelopment": null, "effectOfAccountingCharges": null, "incomeBeforeTax": 1928000000, "minorityInterest": 480000000, "netIncome": 1114000000, "sellingGeneralAdministrative": 10537000000, "grossProfit": 13084000000, "ebit": 2547000000, "operatingIncome": 2547000000, "otherOperatingExpenses": null, "interestExpense": -178000000, "extraordinaryItems": null, "nonRecurring": null, "otherItems": null, "incomeTaxExpense": 636000000, "totalRevenue": 263966000000, "totalOperatingExpenses": 261419000000, "costOfRevenue": 250882000000, "totalOtherIncomeExpenseNet": -619000000, "discontinuedOperations": -5000000, "netIncomeFromContinuingOps": 1292000000, "netIncomeApplicableToCommonShares": 1114000000}, "2021-03-31": {"researchDevelopment": null, "effectOfAccountingCharges": null, "incomeBeforeTax": -5034000000, "minorityInterest": 1467000000, "netIncome": -4539000000, "sellingGeneralAdministrative": 8849000000, "grossProfit": 11967000000, "ebit": 3118000000, "operatingIncome": 3118000000, "otherOperatingExpenses": null, "interestExpense": -217000000, "extraordinaryItems": null, "nonRecurring": null, "otherItems": null, "incomeTaxExpense": -695000000, "totalRevenue": 238228000000, "totalOperatingExpenses": 235110000000, "costOfRevenue": 226261000000, "totalOtherIncomeExpenseNet": -8152000000, "discontinuedOperations": -1000000, "netIncomeFromContinuingOps": -4339000000, "netIncomeApplicableToCommonShares": -4539000000}, "2020-03-31": {"researchDevelopment": 96000000, "effectOfAccountingCharges": null, "incomeBeforeTax": 1144000000, "minorityInterest": 1619000000, "netIncome": 900000000, "sellingGeneralAdministrative": 9182000000, "grossProfit": 12001000000, "ebit": 2819000000, "operatingIncome": 2819000000, "otherOperatingExpenses": null, "interestExpense": -249000000, "extraordinaryItems": null, "nonRecurring": null, "otherItems": null, "incomeTaxExpense": 18000000, "totalRevenue": 231051000000, "totalOperatingExpenses": 228232000000, "costOfRevenue": 219050000000, "totalOtherIncomeExpenseNet": -1675000000, "discontinuedOperations": -6000000, "netIncomeFromContinuingOps": 1126000000, "netIncomeApplicableToCommonShares": 900000000}, "2019-03-31": {"researchDevelopment": 71000000, "effectOfAccountingCharges": null, "incomeBeforeTax": 610000000, "minorityInterest": 1586000000, "netIncome": 34000000, "sellingGeneralAdministrative": 8437000000, "grossProfit": 11552000000, "ebit": 3115000000, "operatingIncome": 3115000000, "otherOperatingExpenses": 21000000, "interestExpense": -264000000, "extraordinaryItems": null, "nonRecurring": null, "otherItems": null, "incomeTaxExpense": 356000000, "totalRevenue": 214319000000, "totalOperatingExpenses": 211204000000, "costOfRevenue": 202767000000, "totalOtherIncomeExpenseNet": -2505000000, "discontinuedOperations": 1000000, "netIncomeFromContinuingOps": 254000000, "netIncomeApplicableToCommonShares": 34000000}}, "quarterly": {"2022-06-30": {"researchDevelopment": null, "effectOfAccountingCharges": null, "incomeBeforeTax": 1006000000, "minorityInterest": 532000000, "netIncome": 768000000, "sellingGeneralAdministrative": 1959000000, "grossProfit": 3023000000, "ebit": 1064000000, "operatingIncome": 1064000000, "otherOperatingExpenses": null, "interestExpense": -45000000, "extraordinaryItems": null, "nonRecurring": null, "otherItems": null, "incomeTaxExpense": 199000000, "totalRevenue": 67154000000, "totalOperatingExpenses": 66090000000, "costOfRevenue": 64131000000, "totalOtherIncomeExpenseNet": -58000000, "discontinuedOperations": 2000000, "netIncomeFromContinuingOps": 807000000, "netIncomeApplicableToCommonShares": 768000000}, "2022-03-31": {"researchDevelopment": null, "effectOfAccountingCharges": null, "incomeBeforeTax": 647000000, "minorityInterest": 480000000, "netIncome": 368000000, "sellingGeneralAdministrative": 2531000000, "grossProfit": 3272000000, "ebit": 741000000, "operatingIncome": 741000000, "otherOperatingExpenses": null, "interestExpense": -43000000, "extraordinaryItems": null, "nonRecurring": null, "otherItems": null, "incomeTaxExpense": 240000000, "totalRevenue": 66102000000, "totalOperatingExpenses": 65361000000, "costOfRevenue": 62830000000, "totalOtherIncomeExpenseNet": -94000000, "discontinuedOperations": -2000000, "netIncomeFromContinuingOps": 407000000, "netIncomeApplicableToCommonShares": 368000000}, "2021-12-31": {"researchDevelopment": null, "effectOfAccountingCharges": null, "incomeBeforeTax": 277000000, "minorityInterest": 487000000, "netIncome": -7000000, "sellingGeneralAdministrative": 3105000000, "grossProfit": 3428000000, "ebit": 323000000, "operatingIncome": 323000000, "otherOperatingExpenses": null, "interestExpense": -41000000, "extraordinaryItems": null, "nonRecurring": null, "otherItems": null, "incomeTaxExpense": 238000000, "totalRevenue": 68614000000, "totalOperatingExpenses": 68291000000, "costOfRevenue": 65186000000, "totalOtherIncomeExpenseNet": -46000000, "discontinuedOperations": -2000000, "netIncomeFromContinuingOps": 39000000, "netIncomeApplicableToCommonShares": -7000000}, "2021-09-30": {"researchDevelopment": null, "effectOfAccountingCharges": null, "incomeBeforeTax": 442000000, "minorityInterest": 484000000, "netIncome": 267000000, "sellingGeneralAdministrative": 2669000000, "grossProfit": 3352000000, "ebit": 683000000, "operatingIncome": 683000000, "otherOperatingExpenses": null, "interestExpense": -45000000, "extraordinaryItems": null, "nonRecurring": null, "otherItems": null, "incomeTaxExpense": 132000000, "totalRevenue": 66576000000, "totalOperatingExpenses": 65893000000, "costOfRevenue": 63224000000, "totalOtherIncomeExpenseNet": -241000000, "discontinuedOperations": -2000000, "netIncomeFromContinuingOps": 310000000, "netIncomeApplicableToCommonShares": 267000000}}}, "cash": {"annual": {"2022-03-31": {"changeToLiabilities": 2802000000, "totalCashflowsFromInvestingActivities": -89000000, "netBorrowings": -1150000000, "totalCashFromFinancingActivities": -6321000000, "changeToOperatingActivities": 49000000, "issuanceOfStock": 220000000, "netIncome": 1114000000, "changeInCash": -2461000000, "repurchaseOfStock": -3516000000, "effectOfExchangeRate": 55000000, "totalCashFromOperatingActivities": 4434000000, "depreciation": 644000000, "otherCashflowsFromInvestingActivities": -126000000, "dividendsPaid": -277000000, "changeToInventory": -1169000000, "changeToAccountReceivables": -1843000000, "otherCashflowsFromFinancingActivities": -1598000000, "changeToNetincome": 2478000000, "capitalExpenditures": -388000000}, "2021-03-31": {"changeToLiabilities": 1267000000, "totalCashflowsFromInvestingActivities": -415000000, "netBorrowings": -540000000, "totalCashFromFinancingActivities": -1693000000, "changeToOperatingActivities": 8216000000, "issuanceOfStock": 92000000, "netIncome": -4539000000, "changeInCash": 2373000000, "repurchaseOfStock": -742000000, "effectOfExchangeRate": -61000000, "totalCashFromOperatingActivities": 4542000000, "depreciation": 770000000, "otherCashflowsFromInvestingActivities": -139000000, "dividendsPaid": -276000000, "changeToInventory": -2276000000, "changeToAccountReceivables": 1145000000, "otherCashflowsFromFinancingActivities": -227000000, "changeToNetincome": 8000000, "capitalExpenditures": -451000000}, "2020-03-31": {"changeToLiabilities": 3952000000, "totalCashflowsFromInvestingActivities": -579000000, "netBorrowings": -298000000, "totalCashFromFinancingActivities": -2734000000, "changeToOperatingActivities": -385000000, "issuanceOfStock": 113000000, "netIncome": 900000000, "changeInCash": 1042000000, "repurchaseOfStock": -1934000000, "effectOfExchangeRate": -19000000, "totalCashFromOperatingActivities": 4374000000, "depreciation": 793000000, "otherCashflowsFromInvestingActivities": 23000000, "dividendsPaid": -294000000, "changeToInventory": -376000000, "changeToAccountReceivables": -2494000000, "otherCashflowsFromFinancingActivities": -321000000, "changeToNetincome": 1863000000, "capitalExpenditures": -362000000}, "2019-03-31": {"changeToLiabilities": 1976000000, "totalCashflowsFromInvestingActivities": -1381000000, "netBorrowings": -16000000, "totalCashFromFinancingActivities": -2227000000, "changeToOperatingActivities": 68000000, "issuanceOfStock": 75000000, "netIncome": 34000000, "changeInCash": 309000000, "repurchaseOfStock": -1639000000, "effectOfExchangeRate": -119000000, "totalCashFromOperatingActivities": 4036000000, "depreciation": 949000000, "otherCashflowsFromInvestingActivities": -20000000, "dividendsPaid": -292000000, "changeToInventory": -368000000, "changeToAccountReceivables": -967000000, "otherCashflowsFromFinancingActivities": -355000000, "changeToNetincome": 2439000000, "capitalExpenditures": -426000000}}, "quarterly": {"2022-06-30": {"changeToLiabilities": 1006000000, "totalCashflowsFromInvestingActivities": 39000000, "netBorrowings": -2000000, "totalCashFromFinancingActivities": -1181000000, "changeToOperatingActivities": -650000000, "issuanceOfStock": 91000000, "netIncome": 768000000, "changeInCash": -1595000000, "repurchaseOfStock": -1000000000, "effectOfExchangeRate": 18000000, "totalCashFromOperatingActivities": -941000000, "depreciation": 148000000, "otherCashflowsFromInvestingActivities": -100000000, "dividendsPaid": -71000000, "changeToInventory": -955000000, "changeToAccountReceivables": -1584000000, "otherCashflowsFromFinancingActivities": -199000000, "changeToNetincome": 289000000, "capitalExpenditures": -71000000}, "2022-03-31": {"changeToLiabilities": 1190000000, "totalCashflowsFromInvestingActivities": 183000000, "netBorrowings": -374000000, "totalCashFromFinancingActivities": -1989000000, "changeToOperatingActivities": 51000000, "issuanceOfStock": 46000000, "netIncome": 368000000, "changeInCash": 776000000, "repurchaseOfStock": -1530000000, "effectOfExchangeRate": 20000000, "totalCashFromOperatingActivities": 2887000000, "depreciation": 46000000, "otherCashflowsFromInvestingActivities": -43000000, "dividendsPaid": -71000000, "changeToInventory": 490000000, "changeToAccountReceivables": 82000000, "otherCashflowsFromFinancingActivities": -60000000, "changeToNetincome": 477000000, "capitalExpenditures": -135000000}, "2021-12-31": {"changeToLiabilities": 181000000, "totalCashflowsFromInvestingActivities": -115000000, "netBorrowings": 362000000, "totalCashFromFinancingActivities": -438000000, "changeToOperatingActivities": 33000000, "issuanceOfStock": 63000000, "netIncome": -7000000, "changeInCash": 626000000, "repurchaseOfStock": -714000000, "effectOfExchangeRate": 17000000, "totalCashFromOperatingActivities": 1377000000, "depreciation": 185000000, "otherCashflowsFromInvestingActivities": -30000000, "dividendsPaid": -72000000, "changeToInventory": -495000000, "changeToAccountReceivables": 386000000, "otherCashflowsFromFinancingActivities": -77000000, "changeToNetincome": 958000000, "capitalExpenditures": -67000000}, "2021-09-30": {"changeToLiabilities": 2040000000, "totalCashflowsFromInvestingActivities": -58000000, "netBorrowings": -1136000000, "totalCashFromFinancingActivities": -1743000000, "changeToOperatingActivities": 130000000, "issuanceOfStock": 40000000, "netIncome": 267000000, "changeInCash": -2000000, "repurchaseOfStock": -264000000, "effectOfExchangeRate": 7000000, "totalCashFromOperatingActivities": 1792000000, "depreciation": 195000000, "otherCashflowsFromInvestingActivities": -31000000, "dividendsPaid": -65000000, "changeToInventory": -263000000, "changeToAccountReceivables": -1266000000, "otherCashflowsFromFinancingActivities": -318000000, "changeToNetincome": 595000000, "capitalExpenditures": -93000000}}}}, "SYY": {"balance": {"annual": {"2022-07-02": {"intangibleAssets": 952683000, "capitalSurplus": 1766305000, "totalLiab": 20712003000, "totalStockholderEquity": 1382260000, "minorityInterest": 31948000, "otherCurrentLiab": 40042000, "totalAssets": 22126211000, "commonStock": 765175000, "retainedEarnings": 10539722000, "otherLiab": 1218078000, "goodWill": 4542315000, "treasuryStock": -11688942000, "otherAssets": 927754000, "cash": 867086000, "totalCurrentLiabilities": 8790577000, "deferredLongTermAssetCharges": 377604000, "shortLongTermDebt": 580611000, "otherStockholderEquity": -1482054000, "propertyPlantEquipment": 5179717000, "totalCurrentAssets": 10523742000, "netTangibleAssets": -4112738000, "netReceivables": 4904713000, "longTermDebt": 10066931000, "inventory": 4448154000, "accountsPayable": 5793481000}, "2021-07-03": {"intangibleAssets": 746073000, "capitalSurplus": 1619995000, "totalLiab": 19826055000, "totalStockholderEquity": 1552896000, "minorityInterest": 34588000, "otherCurrentLiab": 22690000, "totalAssets": 21413539000, "commonStock": 765175000, "otherCurrentAssets": 28344000, "retainedEarnings": 10151706000, "otherLiab": 1283546000, "goodWill": 3944139000, "treasuryStock": -10983980000, "otherAssets": 911317000, "cash": 3007123000, "totalCurrentLiabilities": 7319844000, "deferredLongTermAssetCharges": 352523000, "shortLongTermDebt": 458231000, "otherStockholderEquity": -1148764000, "propertyPlantEquipment": 5035226000, "totalCurrentAssets": 10733567000, "longTermInvestments": 43217000, "netTangibleAssets": -3137316000, "netReceivables": 3790269000, "longTermDebt": 10536902000, "inventory": 3695219000, "accountsPayable": 4884781000}, "2020-06-27": {"intangibleAssets": 780172000, "capitalSurplus": 1506901000, "totalLiab": 21435388000, "totalStockholderEquity": 1158613000, "minorityInterest": 34265000, "otherCurrentLiab": 31402000, "totalAssets": 22628266000, "commonStock": 765175000, "otherCurrentAssets": 19529000, "retainedEarnings": 10563008000, "otherLiab": 1291554000, "goodWill": 3732469000, "treasuryStock": -11676471000, "otherAssets": 635428000, "cash": 6059427000, "totalCurrentLiabilities": 6717853000, "deferredLongTermAssetCharges": 194115000, "shortLongTermDebt": 1508458000, "otherStockholderEquity": -1710881000, "propertyPlantEquipment": 5062183000, "totalCurrentAssets": 12348232000, "longTermInvestments": 69782000, "netTangibleAssets": -3354028000, "netReceivables": 3001557000, "longTermDebt": 12833543000, "inventory": 3095085000, "accountsPayable": 3447065000}, "2019-06-29": {"intangibleAssets": 857301000, "capitalSurplus": 1457419000, "totalLiab": 15428493000, "totalStockholderEquity": 2502603000, "minorityInterest": 35426000, "otherCurrentLiab": 24042000, "totalAssets": 17966522000, "commonStock": 765175000, "otherCurrentAssets": 12784000, "retainedEarnings": 11229679000, "otherLiab": 1193967000, "goodWill": 3896226000, "treasuryStock": -10949670000, "otherAssets": 532389000, "cash": 513460000, "totalCurrentLiabilities": 6103183000, "deferredLongTermAssetCharges": 80760000, "shortLongTermDebt": 37322000, "otherStockholderEquity": -1599729000, "propertyPlantEquipment": 4501705000, "totalCurrentAssets": 8141505000, "longTermInvestments": 37396000, "netTangibleAssets": -2250924000, "netReceivables": 4201429000, "longTermDebt": 8131343000, "inventory": 3216034000, "accountsPayable": 4314620000}}, "quarterly": {"2022-07-02": {"intangibleAssets": 952683000, "capitalSurplus": 1766305000, "totalLiab": 20712003000, "totalStockholderEquity": 1382260000, "minorityInterest": 31948000, "otherCurrentLiab": 40042000, "totalAssets": 22126211000, "commonStock": 765175000, "retainedEarnings": 10539722000, "otherLiab": 1218078000, "goodWill": 4542315000, "treasuryStock": -11688942000, "otherAssets": 927754000, "cash": 867086000, "totalCurrentLiabilities": 8790577000, "deferredLongTermAssetCharges": 377604000, "shortLongTermDebt": 580611000, "otherStockholderEquity": -1482054000, "propertyPlantEquipment": 5179717000, "totalCurrentAssets": 10523742000, "netTangibleAssets": -4112738000, "netReceivables": 4904713000, "longTermDebt": 10066931000, "inventory": 4448154000, "accountsPayable": 5793481000}, "2022-04-02": {"intangibleAssets": 1042878000, "capitalSurplus": 1737301000, "totalLiab": 20969252000, "totalStockholderEquity": 1321409000, "minorityInterest": 33014000, "otherCurrentLiab": 19533000, "totalAssets": 22323675000, "commonStock": 765175000, "otherCurrentAssets": 32766000, "retainedEarnings": 10279792000, "otherLiab": 1286296000, "goodWill": 4703777000, "treasuryStock": -11460859000, "otherAssets": 1030921000, "cash": 876139000, "totalCurrentLiabilities": 8372187000, "deferredLongTermAssetCharges": 393302000, "shortLongTermDebt": 498028000, "otherStockholderEquity": -1299004000, "propertyPlantEquipment": 5132445000, "totalCurrentAssets": 10413278000, "longTermInvestments": 376000, "netTangibleAssets": -4425246000, "netReceivables": 4824833000, "longTermDebt": 10608840000, "inventory": 4409094000, "accountsPayable": 5721705000}, "2022-01-01": {"intangibleAssets": 906328000, "capitalSurplus": 1690487000, "totalLiab": 20173000000, "totalStockholderEquity": 1221072000, "minorityInterest": 32690000, "otherCurrentLiab": 4206000, "totalAssets": 21426762000, "commonStock": 765175000, "otherCurrentAssets": 8949000, "retainedEarnings": 10216625000, "otherLiab": 1326914000, "goodWill": 4416912000, "treasuryStock": -11451215000, "otherAssets": 1004384000, "cash": 1374276000, "totalCurrentLiabilities": 7593560000, "deferredLongTermAssetCharges": 387050000, "shortLongTermDebt": 487407000, "otherStockholderEquity": -1236258000, "propertyPlantEquipment": 5032017000, "totalCurrentAssets": 10063151000, "longTermInvestments": 3970000, "netTangibleAssets": -4102168000, "netReceivables": 4320841000, "longTermDebt": 10593390000, "inventory": 4115683000, "accountsPayable": 5019052000}, "2021-10-02": {"intangibleAssets": 927966000, "capitalSurplus": 1655110000, "totalLiab": 20395418000, "totalStockholderEquity": 1673292000, "minorityInterest": 34156000, "otherCurrentLiab": 83210000, "totalAssets": 22102866000, "commonStock": 765175000, "otherCurrentAssets": 22293000, "retainedEarnings": 10288291000, "otherLiab": 1339528000, "goodWill": 4402354000, "treasuryStock": -11035284000, "otherAssets": 951296000, "cash": 2067873000, "totalCurrentLiabilities": 7737982000, "deferredLongTermAssetCharges": 360193000, "shortLongTermDebt": 491233000, "otherStockholderEquity": -1217937000, "propertyPlantEquipment": 5093938000, "totalCurrentAssets": 10688188000, "longTermInvestments": 39124000, "netTangibleAssets": -3657028000, "netReceivables": 4309883000, "longTermDebt": 10645443000, "inventory": 4054844000, "accountsPayable": 5238313000}}}, "income": {"annual": {"2022-07-02": {"researchDevelopment": null, "effectOfAccountingCharges": null, "incomeBeforeTax": 1746773000, "minorityInterest": 31948000, "netIncome": 1358768000, "sellingGeneralAdministrative": 9506988000, "grossProfit": 12320524000, "ebit": 2785537000, "operatingIncome": 2785537000, "otherOperatingExpenses": null, "interestExpense": -623643000, "extraordinaryItems": null, "nonRecurring": null, "otherItems": null, "incomeTaxExpense": 388005000, "totalRevenue": 68636146000, "totalOperatingExpenses": 65850609000, "costOfRevenue": 56315622000, "totalOtherIncomeExpenseNet": -1038764000, "discontinuedOperations": null, "netIncomeFromContinuingOps": 1358768000, "netIncomeApplicableToCommonShares": 1358768000}, "2021-07-03": {"researchDevelopment": null, "effectOfAccountingCharges": null, "incomeBeforeTax": 584728000, "minorityInterest": 34588000, "netIncome": 524209000, "sellingGeneralAdministrative": 7711255000, "grossProfit": 9356749000, "ebit": 1591043000, "operatingIncome": 1591043000, "otherOperatingExpenses": 17470000, "interestExpense": -880137000, "extraordinaryItems": null, "nonRecurring": null, "otherItems": null, "incomeTaxExpense": 60519000, "totalRevenue": 51297843000, "totalOperatingExpenses": 49706800000, "costOfRevenue": 41941094000, "totalOtherIncomeExpenseNet": -1006315000, "discontinuedOperations": null, "netIncomeFromContinuingOps": 524209000, "netIncomeApplicableToCommonShares": 524209000}, "2020-06-27": {"researchDevelopment": null, "effectOfAccountingCharges": null, "incomeBeforeTax": 293384000, "minorityInterest": 34265000, "netIncome": 215475000, "sellingGeneralAdministrative": 8204096000, "grossProfit": 9901664000, "ebit": 1637225000, "operatingIncome": 1637225000, "otherOperatingExpenses": 22058000, "interestExpense": -408220000, "extraordinaryItems": null, "nonRecurring": null, "otherItems": null, "incomeTaxExpense": 77909000, "totalRevenue": 52893310000, "totalOperatingExpenses": 51256085000, "costOfRevenue": 42991646000, "totalOtherIncomeExpenseNet": -1343841000, "discontinuedOperations": null, "netIncomeFromContinuingOps": 215475000, "netIncomeApplicableToCommonShares": 215475000}, "2019-06-29": {"researchDevelopment": null, "effectOfAccountingCharges": null, "incomeBeforeTax": 2005836000, "minorityInterest": 35426000, "netIncome": 1674271000, "sellingGeneralAdministrative": 9113717000, "grossProfit": 11408987000, "ebit": 2295270000, "operatingIncome": 2295270000, "otherOperatingExpenses": 22058000, "interestExpense": -360423000, "extraordinaryItems": null, "nonRecurring": null, "otherItems": null, "incomeTaxExpense": 331565000, "totalRevenue": 60113922000, "totalOperatingExpenses": 57818652000, "costOfRevenue": 48704935000, "totalOtherIncomeExpenseNet": -289434000, "discontinuedOperations": null, "netIncomeFromContinuingOps": 1674271000, "netIncomeApplicableToCommonShares": 1674271000}}, "quarterly": {"2022-07-02": {"researchDevelopment": null, "effectOfAccountingCharges": null, "incomeBeforeTax": 641879000, "minorityInterest": 31948000, "netIncome": 509989000, "sellingGeneralAdministrative": 2593576000, "grossProfit": 3444272000, "ebit": 850696000, "operatingIncome": 850696000, "otherOperatingExpenses": null, "interestExpense": -128512000, "extraordinaryItems": null, "nonRecurring": null, "otherItems": null, "incomeTaxExpense": 131890000, "totalRevenue": 18957258000, "totalOperatingExpenses": 18106562000, "costOfRevenue": 15512986000, "totalOtherIncomeExpenseNet": -208817000, "discontinuedOperations": null, "netIncomeFromContinuingOps": 509989000, "netIncomeApplicableToCommonShares": 509989000}, "2022-04-02": {"researchDevelopment": null, "effectOfAccountingCharges": null, "incomeBeforeTax": 385488000, "minorityInterest": 33014000, "netIncome": 303325000, "sellingGeneralAdministrative": 2500376000, "grossProfit": 3042944000, "ebit": 566665000, "operatingIncome": 566665000, "otherOperatingExpenses": -24097000, "interestExpense": -124018000, "extraordinaryItems": null, "nonRecurring": null, "otherItems": null, "incomeTaxExpense": 82163000, "totalRevenue": 16902139000, "totalOperatingExpenses": 16335474000, "costOfRevenue": 13859195000, "totalOtherIncomeExpenseNet": -181177000, "discontinuedOperations": null, "netIncomeFromContinuingOps": 303325000, "netIncomeApplicableToCommonShares": 303325000}, "2022-01-01": {"researchDevelopment": null, "effectOfAccountingCharges": null, "incomeBeforeTax": 212686000, "minorityInterest": 32690000, "netIncome": 167441000, "sellingGeneralAdministrative": 2423187000, "grossProfit": 2891150000, "ebit": 467963000, "operatingIncome": 467963000, "otherOperatingExpenses": -24097000, "interestExpense": -242899000, "extraordinaryItems": null, "nonRecurring": null, "otherItems": null, "incomeTaxExpense": 45245000, "totalRevenue": 16320203000, "totalOperatingExpenses": 15852240000, "costOfRevenue": 13429053000, "totalOtherIncomeExpenseNet": -255277000, "discontinuedOperations": null, "netIncomeFromContinuingOps": 167441000, "netIncomeApplicableToCommonShares": 167441000}, "2021-10-02": {"researchDevelopment": null, "effectOfAccountingCharges": null, "incomeBeforeTax": 506720000, "minorityInterest": 34156000, "netIncome": 378013000, "sellingGeneralAdministrative": 2309879000, "grossProfit": 2971708000, "ebit": 661829000, "operatingIncome": 661829000, "otherOperatingExpenses": -24097000, "interestExpense": -128214000, "extraordinaryItems": null, "nonRecurring": null, "otherItems": null, "incomeTaxExpense": 128707000, "totalRevenue": 16456546000, "totalOperatingExpenses": 15794717000, "costOfRevenue": 13484838000, "totalOtherIncomeExpenseNet": -155109000, "discontinuedOperations": null, "netIncomeFromContinuingOps": 378013000, "netIncomeApplicableToCommonShares": 378013000}}}, "cash": {"annual": {"2022-07-02": {"investments": -2670000, "changeToLiabilities": 850974000, "totalCashflowsFromInvestingActivities": -1878206000, "netBorrowings": 753622000, "totalCashFromFinancingActivities": -1986898000, "changeToOperatingActivities": 263106000, "issuanceOfStock": 128167000, "netIncome": 1358768000, "changeInCash": -2105724000, "repurchaseOfStock": -499825000, "effectOfExchangeRate": -31906000, "totalCashFromOperatingActivities": 1791286000, "depreciation": 880933000, "otherCashflowsFromInvestingActivities": 14259000, "dividendsPaid": -958937000, "changeToInventory": -719266000, "changeToAccountReceivables": -1001037000, "otherCashflowsFromFinancingActivities": -1409925000, "changeToNetincome": 145278000, "capitalExpenditures": -632802000}, "2021-07-03": {"investments": -2670000, "changeToLiabilities": 1459222000, "totalCashflowsFromInvestingActivities": -428698000, "netBorrowings": -2827833000, "totalCashFromFinancingActivities": -4628228000, "changeToOperatingActivities": 51928000, "issuanceOfStock": 130374000, "netIncome": 524209000, "changeInCash": -3058470000, "repurchaseOfStock": -499825000, "effectOfExchangeRate": 94614000, "totalCashFromOperatingActivities": 1903842000, "depreciation": 851822000, "otherCashflowsFromInvestingActivities": -17169000, "dividendsPaid": -917564000, "changeToInventory": -551405000, "changeToAccountReceivables": -662345000, "otherCashflowsFromFinancingActivities": -1013205000, "changeToNetincome": 85343000, "capitalExpenditures": -470676000}, "2020-06-27": {"investments": -2670000, "changeToLiabilities": -834118000, "totalCashflowsFromInvestingActivities": -756307000, "netBorrowings": 6280987000, "totalCashFromFinancingActivities": 4719800000, "changeToOperatingActivities": -140781000, "issuanceOfStock": 227602000, "netIncome": 215475000, "changeInCash": 5563325000, "repurchaseOfStock": -844699000, "effectOfExchangeRate": -18848000, "totalCashFromOperatingActivities": 1618680000, "depreciation": 914141000, "otherCashflowsFromInvestingActivities": 78179000, "dividendsPaid": -856312000, "changeToInventory": 114563000, "changeToAccountReceivables": 915717000, "otherCashflowsFromFinancingActivities": -87778000, "changeToNetincome": 513698000, "capitalExpenditures": -720423000}, "2019-06-29": {"investments": -2670000, "changeToLiabilities": 246420000, "totalCashflowsFromInvestingActivities": -742855000, "netBorrowings": -269970000, "totalCashFromFinancingActivities": -1837274000, "changeToOperatingActivities": 46745000, "issuanceOfStock": 253135000, "netIncome": 1674271000, "changeInCash": -183599000, "repurchaseOfStock": -1022033000, "effectOfExchangeRate": -14677000, "totalCashFromOperatingActivities": 2411207000, "depreciation": 763935000, "otherCashflowsFromInvestingActivities": -114668000, "dividendsPaid": -775430000, "changeToInventory": -114667000, "changeToAccountReceivables": -203458000, "otherCashflowsFromFinancingActivities": -22976000, "changeToNetincome": -28350000, "capitalExpenditures": -692391000}}, "quarterly": {"2022-07-02": {"investments": -2670000, "changeToLiabilities": 86711000, "totalCashflowsFromInvestingActivities": -294885000, "netBorrowings": -459492000, "totalCashFromFinancingActivities": -745964000, "changeToOperatingActivities": 293359000, "issuanceOfStock": 38982000, "netIncome": 509989000, "changeInCash": -13717000, "repurchaseOfStock": -84001000, "effectOfExchangeRate": -18283000, "totalCashFromOperatingActivities": 1045415000, "depreciation": 226911000, "otherCashflowsFromInvestingActivities": 4156000, "dividendsPaid": -239072000, "changeToInventory": -74467000, "changeToAccountReceivables": -92910000, "otherCashflowsFromFinancingActivities": -2381000, "changeToNetincome": 57439000, "capitalExpenditures": -305267000}, "2022-04-02": {"investments": -2670000, "changeToLiabilities": 681049000, "totalCashflowsFromInvestingActivities": -642499000, "netBorrowings": -13831000, "totalCashFromFinancingActivities": -213367000, "changeToOperatingActivities": -83737000, "issuanceOfStock": 53102000, "netIncome": 303325000, "changeInCash": -489797000, "repurchaseOfStock": -84001000, "effectOfExchangeRate": -2755000, "totalCashFromOperatingActivities": 368824000, "depreciation": 221403000, "otherCashflowsFromInvestingActivities": 5343000, "dividendsPaid": -238479000, "changeToInventory": -286891000, "changeToAccountReceivables": -522948000, "otherCashflowsFromFinancingActivities": -14159000, "changeToNetincome": -17737000, "capitalExpenditures": -146161000}, "2022-01-01": {"investments": -2670000, "changeToLiabilities": -246309000, "totalCashflowsFromInvestingActivities": -152217000, "netBorrowings": 1236993000, "totalCashFromFinancingActivities": -789836000, "changeToOperatingActivities": 167297000, "issuanceOfStock": 18202000, "netIncome": 167441000, "changeInCash": -677331000, "repurchaseOfStock": -415824000, "effectOfExchangeRate": -1513000, "totalCashFromOperatingActivities": 266235000, "depreciation": 217932000, "otherCashflowsFromInvestingActivities": -37000, "dividendsPaid": -240825000, "changeToInventory": -63391000, "changeToAccountReceivables": 93492000, "otherCashflowsFromFinancingActivities": -1388382000, "changeToNetincome": 104819000, "capitalExpenditures": -96355000}, "2021-10-02": {"investments": -2670000, "changeToLiabilities": 329523000, "totalCashflowsFromInvestingActivities": -788605000, "netBorrowings": -10048000, "totalCashFromFinancingActivities": -237731000, "changeToOperatingActivities": -113813000, "issuanceOfStock": 17881000, "netIncome": 378013000, "changeInCash": -924879000, "repurchaseOfStock": -415824000, "effectOfExchangeRate": -9355000, "totalCashFromOperatingActivities": 110812000, "depreciation": 214687000, "otherCashflowsFromInvestingActivities": 4797000, "dividendsPaid": -240561000, "changeToInventory": -294517000, "changeToAccountReceivables": -478671000, "otherCashflowsFromFinancingActivities": -5003000, "changeToNetincome": 757000, "capitalExpenditures": -85019000}}}}, "ABC": {"balance": {"annual": {"2021-09-30": {"intangibleAssets": 5256927000, "capitalSurplus": 5465104000, "totalLiab": 56753394000, "totalStockholderEquity": 223354000, "minorityInterest": 361057000, "otherCurrentLiab": 956869000, "totalAssets": 57337805000, "commonStock": 2907000, "otherCurrentAssets": 2107451000, "retainedEarnings": 1670513000, "otherLiab": 8064887000, "goodWill": 9030531000, "treasuryStock": -6915170000, "otherAssets": 1017602000, "cash": 2547142000, "totalCurrentLiabilities": 41358641000, "deferredLongTermAssetCharges": 290791000, "shortLongTermDebt": 300213000, "otherStockholderEquity": -445442000, "propertyPlantEquipment": 3230136000, "totalCurrentAssets": 38802609000, "netTangibleAssets": -14064104000, "netReceivables": 18389050000, "longTermDebt": 6383711000, "inventory": 15368352000, "accountsPayable": 38009954000}, "2020-09-30": {"intangibleAssets": 1886107000, "capitalSurplus": 5081776000, "totalLiab": 45114466000, "totalStockholderEquity": -1018924000, "minorityInterest": 179288000, "totalAssets": 44274830000, "commonStock": 2878000, "otherCurrentAssets": 1344649000, "retainedEarnings": 518335000, "otherLiab": 7257621000, "goodWill": 6706719000, "treasuryStock": -6621913000, "otherAssets": 697972000, "cash": 4597746000, "totalCurrentLiabilities": 33853077000, "deferredLongTermAssetCharges": 361640000, "shortLongTermDebt": 501259000, "otherStockholderEquity": -108830000, "propertyPlantEquipment": 1928330000, "totalCurrentAssets": 33055702000, "netTangibleAssets": -9611750000, "netReceivables": 14334729000, "longTermDebt": 3618261000, "inventory": 12589278000, "accountsPayable": 31705055000}, "2019-09-30": {"intangibleAssets": 2294836000, "capitalSurplus": 4850142000, "totalLiab": 36178774000, "totalStockholderEquity": 2878917000, "minorityInterest": 114289000, "otherCurrentLiab": 66700000, "totalAssets": 39171980000, "commonStock": 2853000, "otherCurrentAssets": 1147483000, "retainedEarnings": 4235491000, "otherLiab": 2243082000, "goodWill": 6705507000, "treasuryStock": -6209569000, "otherAssets": 269067000, "cash": 3374194000, "totalCurrentLiabilities": 29581294000, "shortLongTermDebt": 139012000, "otherStockholderEquity": -111965000, "propertyPlantEquipment": 1770516000, "totalCurrentAssets": 28132054000, "netTangibleAssets": -6121426000, "netReceivables": 12392738000, "longTermDebt": 4354398000, "inventory": 11060254000, "accountsPayable": 28385074000}, "2018-09-30": {"intangibleAssets": 2947828000, "capitalSurplus": 4715473000, "totalLiab": 34619877000, "totalStockholderEquity": 2932824000, "minorityInterest": 117137000, "otherCurrentLiab": 22000000, "totalAssets": 37669838000, "commonStock": 2836000, "retainedEarnings": 3720582000, "otherLiab": 2239362000, "goodWill": 6664272000, "treasuryStock": -5506067000, "otherAssets": 270942000, "cash": 2492516000, "totalCurrentLiabilities": 27869687000, "shortLongTermDebt": 151657000, "otherStockholderEquity": -79253000, "propertyPlantEquipment": 1892424000, "totalCurrentAssets": 25894372000, "netTangibleAssets": -6679276000, "netReceivables": 11314226000, "longTermDebt": 4510828000, "inventory": 11918508000, "accountsPayable": 26836873000}}, "quarterly": {"2022-06-30": {"intangibleAssets": 4607974000, "capitalSurplus": 5628444000, "totalLiab": 56655766000, "totalStockholderEquity": 224299000, "minorityInterest": 293565000, "otherCurrentLiab": 516100000, "totalAssets": 57173630000, "commonStock": 2925000, "otherCurrentAssets": 1773605000, "retainedEarnings": 2779357000, "otherLiab": 7828307000, "goodWill": 8632124000, "treasuryStock": -8186427000, "otherAssets": 2084241000, "cash": 3034233000, "totalCurrentLiabilities": 43154310000, "deferredLongTermAssetCharges": 252379000, "shortLongTermDebt": 1421566000, "otherStockholderEquity": -1421301000, "propertyPlantEquipment": 2104765000, "totalCurrentAssets": 39744526000, "netTangibleAssets": -13015799000, "netReceivables": 18752080000, "longTermDebt": 4640131000, "inventory": 15823360000, "accountsPayable": 39305668000}, "2022-03-31": {"intangibleAssets": 4888039000, "capitalSurplus": 5599819000, "totalLiab": 56402088000, "totalStockholderEquity": 550309000, "minorityInterest": 355756000, "otherCurrentLiab": 994762000, "totalAssets": 57308153000, "commonStock": 2924000, "otherCurrentAssets": 2294577000, "retainedEarnings": 2469709000, "otherLiab": 7920755000, "goodWill": 8798265000, "treasuryStock": -7522143000, "otherAssets": 2073511000, "cash": 2960759000, "totalCurrentLiabilities": 42797581000, "deferredLongTermAssetCharges": 267200000, "shortLongTermDebt": 1809660000, "otherStockholderEquity": -1005819000, "propertyPlantEquipment": 2138598000, "totalCurrentAssets": 39409740000, "netTangibleAssets": -13135995000, "netReceivables": 18246365000, "longTermDebt": 4646712000, "inventory": 15514851000, "accountsPayable": 38210623000}, "2021-12-31": {"intangibleAssets": 5080673000, "capitalSurplus": 5546614000, "totalLiab": 56976443000, "totalStockholderEquity": 241546000, "minorityInterest": 359575000, "otherCurrentLiab": 982179000, "totalAssets": 57577564000, "commonStock": 2920000, "otherCurrentAssets": 2188401000, "retainedEarnings": 2019077000, "otherLiab": 7889885000, "goodWill": 8921790000, "treasuryStock": -7327065000, "otherAssets": 2066519000, "cash": 3168881000, "totalCurrentLiabilities": 41613605000, "deferredLongTermAssetCharges": 270049000, "shortLongTermDebt": 268563000, "otherStockholderEquity": -822783000, "propertyPlantEquipment": 2129697000, "totalCurrentAssets": 39378885000, "netTangibleAssets": -13760917000, "netReceivables": 17329294000, "longTermDebt": 6412537000, "inventory": 16293933000, "accountsPayable": 38617734000}, "2021-09-30": {"intangibleAssets": 5256927000, "capitalSurplus": 5465104000, "totalLiab": 56753394000, "totalStockholderEquity": 223354000, "minorityInterest": 361057000, "otherCurrentLiab": 956869000, "totalAssets": 57337805000, "commonStock": 2907000, "otherCurrentAssets": 2107451000, "retainedEarnings": 1670513000, "otherLiab": 8064887000, "goodWill": 9030531000, "treasuryStock": -6915170000, "otherAssets": 1017602000, "cash": 2547142000, "totalCurrentLiabilities": 41358641000, "deferredLongTermAssetCharges": 290791000, "shortLongTermDebt": 300213000, "otherStockholderEquity": -445442000, "propertyPlantEquipment": 3230136000, "totalCurrentAssets": 38802609000, "netTangibleAssets": -14064104000, "netReceivables": 18389050000, "longTermDebt": 6383711000, "inventory": 15368352000, "accountsPayable": 38009954000}}}, "income": {"annual": {"2021-09-30": {"researchDevelopment": null, "effectOfAccountingCharges": null, "incomeBeforeTax": 2221859000, "minorityInterest": 361057000, "netIncome": 1539932000, "sellingGeneralAdministrative": 3594251000, "grossProfit": 6774434000, "ebit": 2675011000, "operatingIncome": 2675011000, "otherOperatingExpenses": null, "interestExpense": -182544000, "extraordinaryItems": null, "nonRecurring": null, "otherItems": null, "incomeTaxExpense": 677251000, "totalRevenue": 213988843000, "totalOperatingExpenses": 211313832000, "costOfRevenue": 207214409000, "totalOtherIncomeExpenseNet": -453152000, "discontinuedOperations": null, "netIncomeFromContinuingOps": 1544608000, "netIncomeApplicableToCommonShares": 1539932000}, "2020-09-30": {"researchDevelopment": null, "effectOfAccountingCharges": null, "incomeBeforeTax": -5293831000, "minorityInterest": 179288000, "netIncome": -3408716000, "sellingGeneralAdministrative": 2729432000, "grossProfit": 5188229000, "ebit": 2067735000, "operatingIncome": 2067735000, "otherOperatingExpenses": null, "interestExpense": -158522000, "extraordinaryItems": null, "nonRecurring": null, "otherItems": null, "incomeTaxExpense": -1894273000, "totalRevenue": 189893926000, "totalOperatingExpenses": 187826191000, "costOfRevenue": 184705697000, "totalOtherIncomeExpenseNet": -7361566000, "discontinuedOperations": null, "netIncomeFromContinuingOps": -3399558000, "netIncomeApplicableToCommonShares": -3408716000}, "2019-09-30": {"researchDevelopment": null, "effectOfAccountingCharges": null, "incomeBeforeTax": 967106000, "minorityInterest": 114289000, "netIncome": 855365000, "sellingGeneralAdministrative": 2663508000, "grossProfit": 5138312000, "ebit": 2012397000, "operatingIncome": 2012397000, "otherOperatingExpenses": null, "interestExpense": -157769000, "extraordinaryItems": null, "nonRecurring": null, "otherItems": null, "incomeTaxExpense": 112971000, "totalRevenue": 179589121000, "totalOperatingExpenses": 177576724000, "costOfRevenue": 174450809000, "totalOtherIncomeExpenseNet": -1045291000, "discontinuedOperations": null, "netIncomeFromContinuingOps": 854135000, "netIncomeApplicableToCommonShares": 855365000}, "2018-09-30": {"researchDevelopment": null, "effectOfAccountingCharges": null, "incomeBeforeTax": 1177423000, "minorityInterest": 117137000, "netIncome": 1658405000, "sellingGeneralAdministrative": 2460301000, "grossProfit": 4576379000, "ebit": 1650951000, "operatingIncome": 1650951000, "otherOperatingExpenses": null, "interestExpense": -189640000, "extraordinaryItems": null, "nonRecurring": null, "otherItems": null, "incomeTaxExpense": -438469000, "totalRevenue": 167939635000, "totalOperatingExpenses": 166288684000, "costOfRevenue": 163363256000, "totalOtherIncomeExpenseNet": -473528000, "discontinuedOperations": null, "netIncomeFromContinuingOps": 1615892000, "netIncomeApplicableToCommonShares": 1658405000}}, "quarterly": {"2022-06-30": {"researchDevelopment": null, "effectOfAccountingCharges": null, "incomeBeforeTax": 476323000, "minorityInterest": 293565000, "netIncome": 406964000, "sellingGeneralAdministrative": 1212152000, "grossProfit": 2042987000, "ebit": 658721000, "operatingIncome": 658721000, "otherOperatingExpenses": null, "interestExpense": -57657000, "extraordinaryItems": null, "nonRecurring": null, "otherItems": null, "incomeTaxExpense": 113120000, "totalRevenue": 60064601000, "totalOperatingExpenses": 59405880000, "costOfRevenue": 58021614000, "totalOtherIncomeExpenseNet": -182398000, "discontinuedOperations": null, "netIncomeFromContinuingOps": 363203000, "netIncomeApplicableToCommonShares": 406964000}, "2022-03-31": {"researchDevelopment": null, "effectOfAccountingCharges": null, "incomeBeforeTax": 728189000, "minorityInterest": 355756000, "netIncome": 548014000, "sellingGeneralAdministrative": 1203238000, "grossProfit": 2233245000, "ebit": 854717000, "operatingIncome": 854717000, "otherOperatingExpenses": null, "interestExpense": -55372000, "extraordinaryItems": null, "nonRecurring": null, "otherItems": null, "incomeTaxExpense": 172944000, "totalRevenue": 57719446000, "totalOperatingExpenses": 56864729000, "costOfRevenue": 55486201000, "totalOtherIncomeExpenseNet": -126528000, "discontinuedOperations": null, "netIncomeFromContinuingOps": 555245000, "netIncomeApplicableToCommonShares": 548014000}, "2021-12-31": {"researchDevelopment": null, "effectOfAccountingCharges": null, "incomeBeforeTax": 596205000, "minorityInterest": 359575000, "netIncome": 449105000, "sellingGeneralAdministrative": 1170110000, "grossProfit": 2060359000, "ebit": 714320000, "operatingIncome": 714320000, "otherOperatingExpenses": null, "interestExpense": -56632000, "extraordinaryItems": null, "nonRecurring": null, "otherItems": null, "incomeTaxExpense": 146789000, "totalRevenue": 59628810000, "totalOperatingExpenses": 58914490000, "costOfRevenue": 57568451000, "totalOtherIncomeExpenseNet": -118115000, "discontinuedOperations": null, "netIncomeFromContinuingOps": 449416000, "netIncomeApplicableToCommonShares": 449105000}, "2021-09-30": {"researchDevelopment": null, "effectOfAccountingCharges": null, "incomeBeforeTax": 553936000, "minorityInterest": 361057000, "netIncome": 437698000, "sellingGeneralAdministrative": 1215688000, "grossProfit": 1900617000, "ebit": 507208000, "operatingIncome": 507208000, "otherOperatingExpenses": null, "interestExpense": -59771000, "extraordinaryItems": null, "nonRecurring": null, "otherItems": null, "incomeTaxExpense": 117488000, "totalRevenue": 58912421000, "totalOperatingExpenses": 58405213000, "costOfRevenue": 57011804000, "totalOtherIncomeExpenseNet": 46728000, "discontinuedOperations": null, "netIncomeFromContinuingOps": 436448000, "netIncomeApplicableToCommonShares": 437698000}}}, "cash": {"annual": {"2021-09-30": {"investments": -162620000, "changeToLiabilities": 2049167000, "totalCashflowsFromInvestingActivities": -6141577000, "netBorrowings": 2216552000, "totalCashFromFinancingActivities": 1952849000, "changeToOperatingActivities": 152905000, "issuanceOfStock": 198750000, "netIncome": 1539932000, "changeInCash": -1527618000, "repurchaseOfStock": -105697000, "effectOfExchangeRate": -3725000, "totalCashFromOperatingActivities": 2666586000, "depreciation": 505086000, "otherCashflowsFromInvestingActivities": 7861000, "dividendsPaid": -366648000, "changeToInventory": -1116344000, "changeToAccountReceivables": -930078000, "otherCashflowsFromFinancingActivities": 9892000, "changeToNetincome": 244546000, "capitalExpenditures": -438217000}, "2020-09-30": {"investments": -56080000, "changeToLiabilities": 3300832000, "totalCashflowsFromInvestingActivities": -379871000, "netBorrowings": -32006000, "totalCashFromFinancingActivities": -603617000, "changeToOperatingActivities": 6704188000, "issuanceOfStock": 159533000, "netIncome": -3408716000, "changeInCash": 1223552000, "repurchaseOfStock": -430236000, "effectOfExchangeRate": -3725000, "totalCashFromOperatingActivities": 2207040000, "depreciation": 401613000, "otherCashflowsFromInvestingActivities": 9522000, "dividendsPaid": -343578000, "changeToInventory": -1621143000, "changeToAccountReceivables": -1628991000, "otherCashflowsFromFinancingActivities": 42670000, "changeToNetincome": -1061285000, "capitalExpenditures": -369677000}, "2019-09-30": {"investments": -56080000, "changeToLiabilities": 1561048000, "totalCashflowsFromInvestingActivities": -375832000, "netBorrowings": -133073000, "totalCashFromFinancingActivities": -1086513000, "changeToOperatingActivities": 234217000, "issuanceOfStock": 76234000, "netIncome": 855365000, "changeInCash": 881678000, "repurchaseOfStock": -680018000, "effectOfExchangeRate": -3725000, "totalCashFromOperatingActivities": 2344023000, "depreciation": 490412000, "otherCashflowsFromInvestingActivities": -2954000, "dividendsPaid": -338974000, "changeToInventory": -167990000, "changeToAccountReceivables": -1241890000, "otherCashflowsFromFinancingActivities": -10682000, "changeToNetincome": 621948000, "capitalExpenditures": -310222000}, "2018-09-30": {"investments": -56080000, "changeToLiabilities": 859036000, "totalCashflowsFromInvestingActivities": -1111114000, "netBorrowings": 635695000, "totalCashFromFinancingActivities": -242873000, "changeToOperatingActivities": -612897000, "issuanceOfStock": 138456000, "netIncome": 1658405000, "changeInCash": 57401000, "repurchaseOfStock": -647481000, "effectOfExchangeRate": -3725000, "totalCashFromOperatingActivities": 1411388000, "depreciation": 502409000, "otherCashflowsFromInvestingActivities": 2496000, "dividendsPaid": -333041000, "changeToInventory": -4923000, "changeToAccountReceivables": -657770000, "otherCashflowsFromFinancingActivities": -36502000, "changeToNetincome": -555037000, "capitalExpenditures": -336411000}}, "quarterly": {"2022-06-30": {"changeToLiabilities": 1476201000, "totalCashflowsFromInvestingActivities": 143457000, "netBorrowings": -367513000, "totalCashFromFinancingActivities": -694732000, "changeToOperatingActivities": -228511000, "issuanceOfStock": 10981000, "netIncome": 406964000, "changeInCash": -170748000, "repurchaseOfStock": -237099000, "effectOfExchangeRate": -28001000, "totalCashFromOperatingActivities": 408622000, "depreciation": 172843000, "otherCashflowsFromInvestingActivities": -1236000, "dividendsPaid": -97316000, "changeToInventory": -497370000, "changeToAccountReceivables": -1023441000, "otherCashflowsFromFinancingActivities": -3785000, "changeToNetincome": 61917000, "capitalExpenditures": -113389000}, "2022-03-31": {"changeToLiabilities": -225645000, "totalCashflowsFromInvestingActivities": -194044000, "netBorrowings": -202304000, "totalCashFromFinancingActivities": -278164000, "changeToOperatingActivities": 188191000, "issuanceOfStock": 34036000, "netIncome": 548014000, "changeInCash": -209578000, "repurchaseOfStock": -12042000, "effectOfExchangeRate": -2401000, "totalCashFromOperatingActivities": 266585000, "depreciation": 176273000, "otherCashflowsFromInvestingActivities": -2875000, "dividendsPaid": -97382000, "changeToInventory": 774514000, "changeToAccountReceivables": -1243901000, "otherCashflowsFromFinancingActivities": -472000, "changeToNetincome": 29365000, "capitalExpenditures": -129652000}, "2021-12-31": {"changeToLiabilities": 824056000, "totalCashflowsFromInvestingActivities": -143120000, "netBorrowings": -6486000, "totalCashFromFinancingActivities": -106423000, "changeToOperatingActivities": -398254000, "issuanceOfStock": 38937000, "netIncome": 449105000, "changeInCash": 612252000, "repurchaseOfStock": -34554000, "effectOfExchangeRate": -2654000, "totalCashFromOperatingActivities": 863411000, "depreciation": 177270000, "otherCashflowsFromInvestingActivities": -788000, "dividendsPaid": -100541000, "changeToInventory": -989993000, "changeToAccountReceivables": 716380000, "otherCashflowsFromFinancingActivities": -3779000, "changeToNetincome": 41561000, "capitalExpenditures": -79691000}, "2021-09-30": {"changeToLiabilities": 1806748000, "totalCashflowsFromInvestingActivities": -171349000, "netBorrowings": -403763000, "totalCashFromFinancingActivities": -444607000, "changeToOperatingActivities": -75314000, "issuanceOfStock": 34453000, "netIncome": 437698000, "changeInCash": 388385000, "repurchaseOfStock": -17000, "effectOfExchangeRate": -3725000, "totalCashFromOperatingActivities": 1009817000, "depreciation": 171316000, "otherCashflowsFromInvestingActivities": 5345000, "dividendsPaid": -92607000, "changeToInventory": -521636000, "changeToAccountReceivables": -813233000, "otherCashflowsFromFinancingActivities": 17327000, "changeToNetincome": -20844000, "capitalExpenditures": -164810000}}}}, "CAH": {"balance": {"annual": {"2022-06-30": {"intangibleAssets": 1774000000, "totalLiab": 44584000000, "totalStockholderEquity": -709000000, "minorityInterest": 3000000, "otherCurrentLiab": 535000000, "totalAssets": 43878000000, "commonStock": 2813000000, "otherCurrentAssets": 36000000, "retainedEarnings": -280000000, "otherLiab": 8911000000, "goodWill": 5855000000, "treasuryStock": -3242000000, "otherAssets": 496000000, "cash": 4717000000, "totalCurrentLiabilities": 30550000000, "deferredLongTermAssetCharges": 36000000, "shortLongTermDebt": 600000000, "otherStockholderEquity": -114000000, "propertyPlantEquipment": 2818000000, "totalCurrentAssets": 32935000000, "netTangibleAssets": -8338000000, "netReceivables": 10573000000, "longTermDebt": 4686000000, "inventory": 15636000000, "accountsPayable": 27128000000}, "2021-06-30": {"intangibleAssets": 2105000000, "totalLiab": 42659000000, "totalStockholderEquity": 1791000000, "minorityInterest": 3000000, "otherCurrentLiab": 100000000, "totalAssets": 44453000000, "commonStock": 2806000000, "otherCurrentAssets": 1140000000, "retainedEarnings": 1205000000, "otherLiab": 9296000000, "goodWill": 7989000000, "treasuryStock": -2220000000, "otherAssets": 490000000, "cash": 3407000000, "totalCurrentLiabilities": 27624000000, "deferredLongTermAssetCharges": 52000000, "shortLongTermDebt": 852000000, "otherStockholderEquity": -34000000, "propertyPlantEquipment": 2820000000, "totalCurrentAssets": 31048000000, "longTermInvestments": 1000000, "netTangibleAssets": -8303000000, "netReceivables": 9110000000, "longTermDebt": 5320000000, "inventory": 14594000000, "accountsPayable": 23700000000}, "2020-06-30": {"intangibleAssets": 2918000000, "totalLiab": 38974000000, "totalStockholderEquity": 1789000000, "minorityInterest": 3000000, "otherCurrentLiab": 5000000, "totalAssets": 40766000000, "commonStock": 2789000000, "retainedEarnings": 1170000000, "otherLiab": 8237000000, "goodWill": 8357000000, "treasuryStock": -2170000000, "otherAssets": 732000000, "cash": 2771000000, "totalCurrentLiabilities": 23615000000, "deferredLongTermAssetCharges": 39000000, "shortLongTermDebt": 1000000, "otherStockholderEquity": -104000000, "propertyPlantEquipment": 2792000000, "totalCurrentAssets": 25940000000, "longTermInvestments": 27000000, "netTangibleAssets": -9486000000, "netReceivables": 8276000000, "longTermDebt": 6756000000, "inventory": 13198000000, "accountsPayable": 21374000000}, "2019-06-30": {"intangibleAssets": 3430000000, "totalLiab": 34633000000, "totalStockholderEquity": 6328000000, "minorityInterest": 2000000, "otherCurrentLiab": 5000000, "totalAssets": 40963000000, "commonStock": 2763000000, "otherCurrentAssets": 6000000, "retainedEarnings": 5434000000, "otherLiab": 2939000000, "goodWill": 8378000000, "treasuryStock": -1869000000, "otherAssets": 1006000000, "cash": 2531000000, "totalCurrentLiabilities": 24109000000, "deferredLongTermAssetCharges": 36000000, "shortLongTermDebt": 452000000, "otherStockholderEquity": -79000000, "propertyPlantEquipment": 2356000000, "totalCurrentAssets": 25747000000, "longTermInvestments": 46000000, "netTangibleAssets": -5480000000, "netReceivables": 8460000000, "longTermDebt": 7585000000, "inventory": 12822000000, "accountsPayable": 21535000000}}, "quarterly": {"2022-06-30": {"intangibleAssets": 1774000000, "totalLiab": 44584000000, "totalStockholderEquity": -709000000, "minorityInterest": 3000000, "otherCurrentLiab": 535000000, "totalAssets": 43878000000, "commonStock": 2813000000, "otherCurrentAssets": 36000000, "retainedEarnings": -280000000, "otherLiab": 8911000000, "goodWill": 5855000000, "treasuryStock": -3242000000, "otherAssets": 496000000, "cash": 4717000000, "totalCurrentLiabilities": 30550000000, "deferredLongTermAssetCharges": 36000000, "shortLongTermDebt": 600000000, "otherStockholderEquity": -114000000, "propertyPlantEquipment": 2818000000, "totalCurrentAssets": 32935000000, "netTangibleAssets": -8338000000, "netReceivables": 10573000000, "longTermDebt": 4686000000, "inventory": 15636000000, "accountsPayable": 27128000000}, "2022-03-31": {"intangibleAssets": 1855000000, "totalLiab": 42804000000, "totalStockholderEquity": -697000000, "minorityInterest": 4000000, "otherCurrentLiab": 738000000, "totalAssets": 42111000000, "commonStock": 2761000000, "retainedEarnings": -281000000, "otherLiab": 9338000000, "goodWill": 6167000000, "treasuryStock": -3177000000, "otherAssets": 907000000, "cash": 2356000000, "totalCurrentLiabilities": 28715000000, "shortLongTermDebt": 861000000, "otherStockholderEquity": -77000000, "propertyPlantEquipment": 2298000000, "totalCurrentAssets": 30884000000, "netTangibleAssets": -8719000000, "netReceivables": 10250000000, "longTermDebt": 4751000000, "inventory": 15493000000, "accountsPayable": 24821000000}, "2021-12-31": {"intangibleAssets": 1943000000, "totalLiab": 42678000000, "totalStockholderEquity": 998000000, "minorityInterest": 4000000, "otherCurrentLiab": 480000000, "totalAssets": 43680000000, "commonStock": 2721000000, "retainedEarnings": 1245000000, "otherLiab": 9607000000, "goodWill": 6656000000, "treasuryStock": -2968000000, "otherAssets": 913000000, "cash": 3161000000, "totalCurrentLiabilities": 27729000000, "shortLongTermDebt": 301000000, "otherStockholderEquity": -85000000, "propertyPlantEquipment": 2321000000, "totalCurrentAssets": 31847000000, "netTangibleAssets": -7601000000, "netReceivables": 9406000000, "longTermDebt": 5342000000, "inventory": 14941000000, "accountsPayable": 24759000000}, "2021-09-30": {"intangibleAssets": 2026000000, "totalLiab": 41597000000, "totalStockholderEquity": 1393000000, "minorityInterest": 3000000, "otherCurrentLiab": 441000000, "totalAssets": 42993000000, "commonStock": 2666000000, "retainedEarnings": 1335000000, "otherLiab": 9745000000, "goodWill": 7979000000, "treasuryStock": -2608000000, "otherAssets": 921000000, "cash": 2463000000, "totalCurrentLiabilities": 26499000000, "shortLongTermDebt": 301000000, "otherStockholderEquity": -61000000, "propertyPlantEquipment": 2336000000, "totalCurrentAssets": 29731000000, "netTangibleAssets": -8612000000, "netReceivables": 9305000000, "longTermDebt": 5353000000, "inventory": 14720000000, "accountsPayable": 23408000000}}}, "income": {"annual": {"2022-06-30": {"researchDevelopment": null, "effectOfAccountingCharges": null, "incomeBeforeTax": -769000000, "minorityInterest": 3000000, "netIncome": -933000000, "sellingGeneralAdministrative": 4557000000, "grossProfit": 6545000000, "ebit": 1664000000, "operatingIncome": 1664000000, "otherOperatingExpenses": null, "interestExpense": -149000000, "extraordinaryItems": null, "nonRecurring": null, "otherItems": null, "incomeTaxExpense": 163000000, "totalRevenue": 181364000000, "totalOperatingExpenses": 179700000000, "costOfRevenue": 174819000000, "totalOtherIncomeExpenseNet": -2433000000, "discontinuedOperations": null, "netIncomeFromContinuingOps": -932000000, "netIncomeApplicableToCommonShares": -933000000}, "2021-06-30": {"researchDevelopment": null, "effectOfAccountingCharges": null, "incomeBeforeTax": 323000000, "minorityInterest": 3000000, "netIncome": 611000000, "sellingGeneralAdministrative": 4533000000, "grossProfit": 6975000000, "ebit": 1991000000, "operatingIncome": 1991000000, "otherOperatingExpenses": null, "interestExpense": -180000000, "extraordinaryItems": null, "nonRecurring": null, "otherItems": null, "incomeTaxExpense": -289000000, "totalRevenue": 162467000000, "totalOperatingExpenses": 160476000000, "costOfRevenue": 155492000000, "totalOtherIncomeExpenseNet": -1668000000, "discontinuedOperations": null, "netIncomeFromContinuingOps": 612000000, "netIncomeApplicableToCommonShares": 611000000}, "2020-06-30": {"researchDevelopment": null, "effectOfAccountingCharges": null, "incomeBeforeTax": -3772000000, "minorityInterest": 3000000, "netIncome": -3696000000, "sellingGeneralAdministrative": 4572000000, "grossProfit": 6868000000, "ebit": 1772000000, "operatingIncome": 1772000000, "otherOperatingExpenses": null, "interestExpense": -238000000, "extraordinaryItems": null, "nonRecurring": null, "otherItems": null, "incomeTaxExpense": -79000000, "totalRevenue": 152922000000, "totalOperatingExpenses": 151150000000, "costOfRevenue": 146054000000, "totalOtherIncomeExpenseNet": -5544000000, "discontinuedOperations": null, "netIncomeFromContinuingOps": -3693000000, "netIncomeApplicableToCommonShares": -3696000000}, "2019-06-30": {"researchDevelopment": null, "effectOfAccountingCharges": null, "incomeBeforeTax": 1751000000, "minorityInterest": 2000000, "netIncome": 1363000000, "sellingGeneralAdministrative": 4480000000, "grossProfit": 6834000000, "ebit": 1733000000, "operatingIncome": 1733000000, "otherOperatingExpenses": null, "interestExpense": -294000000, "extraordinaryItems": null, "nonRecurring": null, "otherItems": null, "incomeTaxExpense": 386000000, "totalRevenue": 145534000000, "totalOperatingExpenses": 143801000000, "costOfRevenue": 138700000000, "totalOtherIncomeExpenseNet": 18000000, "discontinuedOperations": null, "netIncomeFromContinuingOps": 1365000000, "netIncomeApplicableToCommonShares": 1363000000}}, "quarterly": {"2022-06-30": {"researchDevelopment": null, "effectOfAccountingCharges": null, "incomeBeforeTax": -28000000, "minorityInterest": 3000000, "netIncome": 138000000, "sellingGeneralAdministrative": 1155000000, "grossProfit": 1605000000, "ebit": 363000000, "operatingIncome": 363000000, "otherOperatingExpenses": null, "interestExpense": -34000000, "extraordinaryItems": null, "nonRecurring": null, "otherItems": null, "incomeTaxExpense": -165000000, "totalRevenue": 47103000000, "totalOperatingExpenses": 46740000000, "costOfRevenue": 45498000000, "totalOtherIncomeExpenseNet": -391000000, "discontinuedOperations": null, "netIncomeFromContinuingOps": 137000000, "netIncomeApplicableToCommonShares": 138000000}, "2022-03-31": {"researchDevelopment": null, "effectOfAccountingCharges": null, "incomeBeforeTax": -137000000, "minorityInterest": 4000000, "netIncome": -1391000000, "sellingGeneralAdministrative": 1137000000, "grossProfit": 1682000000, "ebit": 466000000, "operatingIncome": 466000000, "otherOperatingExpenses": null, "interestExpense": -38000000, "extraordinaryItems": null, "nonRecurring": null, "otherItems": null, "incomeTaxExpense": 1253000000, "totalRevenue": 44836000000, "totalOperatingExpenses": 44370000000, "costOfRevenue": 43154000000, "totalOtherIncomeExpenseNet": -603000000, "discontinuedOperations": null, "netIncomeFromContinuingOps": -1390000000, "netIncomeApplicableToCommonShares": -1391000000}, "2021-12-31": {"researchDevelopment": null, "effectOfAccountingCharges": null, "incomeBeforeTax": -973000000, "minorityInterest": 4000000, "netIncome": 49000000, "sellingGeneralAdministrative": 1151000000, "grossProfit": 1616000000, "ebit": 386000000, "operatingIncome": 386000000, "otherOperatingExpenses": null, "interestExpense": -37000000, "extraordinaryItems": null, "nonRecurring": null, "otherItems": null, "incomeTaxExpense": -1022000000, "totalRevenue": 45457000000, "totalOperatingExpenses": 45071000000, "costOfRevenue": 43841000000, "totalOtherIncomeExpenseNet": -1359000000, "discontinuedOperations": null, "netIncomeFromContinuingOps": 49000000, "netIncomeApplicableToCommonShares": 49000000}, "2021-09-30": {"researchDevelopment": null, "effectOfAccountingCharges": null, "incomeBeforeTax": 369000000, "minorityInterest": 3000000, "netIncome": 271000000, "sellingGeneralAdministrative": 1114000000, "grossProfit": 1642000000, "ebit": 449000000, "operatingIncome": 449000000, "otherOperatingExpenses": null, "interestExpense": -40000000, "extraordinaryItems": null, "nonRecurring": null, "otherItems": null, "incomeTaxExpense": 97000000, "totalRevenue": 43968000000, "totalOperatingExpenses": 43519000000, "costOfRevenue": 42326000000, "totalOtherIncomeExpenseNet": -80000000, "discontinuedOperations": null, "netIncomeFromContinuingOps": 272000000, "netIncomeApplicableToCommonShares": 271000000}}}, "cash": {"annual": {"2022-06-30": {"investments": -49000000, "changeToLiabilities": 3428000000, "totalCashflowsFromInvestingActivities": 567000000, "netBorrowings": -885000000, "totalCashFromFinancingActivities": -2463000000, "changeToOperatingActivities": 293000000, "netIncome": -933000000, "changeInCash": 1310000000, "repurchaseOfStock": -1019000000, "effectOfExchangeRate": -25000000, "totalCashFromOperatingActivities": 3122000000, "depreciation": 692000000, "otherCashflowsFromInvestingActivities": 71000000, "dividendsPaid": -559000000, "changeToInventory": -1071000000, "changeToAccountReceivables": -1526000000, "changeToNetincome": 2239000000, "capitalExpenditures": -387000000}, "2021-06-30": {"investments": 25000000, "changeToLiabilities": 2325000000, "totalCashflowsFromInvestingActivities": -378000000, "netBorrowings": -570000000, "totalCashFromFinancingActivities": -1317000000, "changeToOperatingActivities": 452000000, "issuanceOfStock": 8000000, "netIncome": 611000000, "changeInCash": 636000000, "repurchaseOfStock": -200000000, "effectOfExchangeRate": 11000000, "totalCashFromOperatingActivities": 2429000000, "depreciation": 783000000, "otherCashflowsFromInvestingActivities": 71000000, "dividendsPaid": -573000000, "changeToInventory": -1584000000, "changeToAccountReceivables": -904000000, "otherCashflowsFromFinancingActivities": 18000000, "changeToNetincome": 746000000, "capitalExpenditures": -400000000}, "2020-06-30": {"investments": 866000000, "changeToLiabilities": -162000000, "totalCashflowsFromInvestingActivities": 493000000, "netBorrowings": -1401000000, "totalCashFromFinancingActivities": -2200000000, "changeToOperatingActivities": 6550000000, "issuanceOfStock": 8000000, "netIncome": -3696000000, "changeInCash": 240000000, "repurchaseOfStock": -350000000, "effectOfExchangeRate": -13000000, "totalCashFromOperatingActivities": 1960000000, "depreciation": 913000000, "otherCashflowsFromInvestingActivities": 71000000, "dividendsPaid": -569000000, "changeToInventory": -409000000, "changeToAccountReceivables": 82000000, "otherCashflowsFromFinancingActivities": 112000000, "changeToNetincome": -1318000000, "capitalExpenditures": -375000000}, "2019-06-30": {"investments": -15000000, "changeToLiabilities": 1864000000, "totalCashflowsFromInvestingActivities": 338000000, "netBorrowings": -1102000000, "totalCashFromFinancingActivities": -2293000000, "changeToOperatingActivities": 193000000, "issuanceOfStock": 8000000, "netIncome": 1363000000, "changeInCash": 768000000, "repurchaseOfStock": -614000000, "effectOfExchangeRate": 1000000, "totalCashFromOperatingActivities": 2722000000, "depreciation": 1000000000, "otherCashflowsFromInvestingActivities": 71000000, "dividendsPaid": -577000000, "changeToInventory": -551000000, "changeToAccountReceivables": -751000000, "otherCashflowsFromFinancingActivities": 112000000, "changeToNetincome": -396000000, "capitalExpenditures": -328000000}}, "quarterly": {"2022-06-30": {"investments": -38000000, "changeToLiabilities": 2307000000, "totalCashflowsFromInvestingActivities": -204000000, "netBorrowings": -288000000, "totalCashFromFinancingActivities": -415000000, "changeToOperatingActivities": 499000000, "issuanceOfStock": 7000000, "netIncome": 138000000, "changeInCash": 2361000000, "effectOfExchangeRate": -12000000, "totalCashFromOperatingActivities": 2992000000, "depreciation": 179000000, "dividendsPaid": -134000000, "changeToInventory": -149000000, "changeToAccountReceivables": -333000000, "changeToNetincome": 351000000, "capitalExpenditures": -164000000}, "2022-03-31": {"investments": -29000000, "changeToLiabilities": 62000000, "totalCashflowsFromInvestingActivities": -44000000, "netBorrowings": -5000000, "totalCashFromFinancingActivities": -340000000, "changeToOperatingActivities": 1636000000, "issuanceOfStock": 7000000, "netIncome": -1391000000, "changeInCash": -805000000, "repurchaseOfStock": -199000000, "effectOfExchangeRate": -2000000, "totalCashFromOperatingActivities": -419000000, "depreciation": 181000000, "otherCashflowsFromInvestingActivities": 71000000, "dividendsPaid": -136000000, "changeToInventory": -561000000, "changeToAccountReceivables": -864000000, "changeToNetincome": 518000000, "capitalExpenditures": -82000000}, "2021-12-31": {"investments": 16000000, "changeToLiabilities": 1351000000, "totalCashflowsFromInvestingActivities": -47000000, "netBorrowings": -5000000, "totalCashFromFinancingActivities": -444000000, "changeToOperatingActivities": -1347000000, "issuanceOfStock": 7000000, "netIncome": 49000000, "changeInCash": 698000000, "repurchaseOfStock": -299000000, "effectOfExchangeRate": -6000000, "totalCashFromOperatingActivities": 1195000000, "depreciation": 164000000, "otherCashflowsFromInvestingActivities": 71000000, "dividendsPaid": -140000000, "changeToInventory": -232000000, "changeToAccountReceivables": -115000000, "changeToNetincome": 1325000000, "capitalExpenditures": -74000000}, "2021-09-30": {"investments": 2000000, "changeToLiabilities": -292000000, "totalCashflowsFromInvestingActivities": 862000000, "netBorrowings": -587000000, "totalCashFromFinancingActivities": -1264000000, "changeToOperatingActivities": -495000000, "issuanceOfStock": 7000000, "netIncome": 271000000, "changeInCash": -944000000, "repurchaseOfStock": -528000000, "effectOfExchangeRate": -5000000, "totalCashFromOperatingActivities": -646000000, "depreciation": 168000000, "otherCashflowsFromInvestingActivities": 71000000, "dividendsPaid": -149000000, "changeToInventory": -129000000, "changeToAccountReceivables": -214000000, "changeToNetincome": 45000000, "capitalExpenditures": -67000000}}}}, "DPZ": {"balance": {"annual": {"2022-01-02": {"intangibleAssets": 95558000, "capitalSurplus": 840000, "totalLiab": 5881352000, "totalStockholderEquity": -4209536000, "deferredLongTermLiab": 8900000, "otherCurrentLiab": 179137000, "totalAssets": 1671816000, "commonStock": 361000, "otherCurrentAssets": 361483000, "retainedEarnings": -4207917000, "otherLiab": 91502000, "goodWill": 15034000, "treasuryStock": -2820000, "otherAssets": 40077000, "cash": 148160000, "totalCurrentLiabilities": 590741000, "deferredLongTermAssetCharges": 2109000, "shortLongTermDebt": 51500000, "otherStockholderEquity": -2820000, "propertyPlantEquipment": 534767000, "totalCurrentAssets": 860540000, "longTermInvestments": 125840000, "netTangibleAssets": -4320128000, "netReceivables": 255327000, "longTermDebt": 4942388000, "inventory": 68328000, "accountsPayable": 91547000}, "2021-01-03": {"intangibleAssets": 81306000, "capitalSurplus": 5122000, "totalLiab": 4867573000, "totalStockholderEquity": -3300405000, "deferredLongTermLiab": 8000000, "otherCurrentLiab": 145275000, "totalAssets": 1567168000, "commonStock": 389000, "otherCurrentAssets": 365151000, "retainedEarnings": -3303492000, "otherLiab": 78468000, "goodWill": 15061000, "treasuryStock": -2424000, "otherAssets": 35785000, "cash": 168821000, "totalCurrentLiabilities": 470819000, "deferredLongTermAssetCharges": 1904000, "otherStockholderEquity": -2424000, "propertyPlantEquipment": 525632000, "totalCurrentAssets": 869384000, "longTermInvestments": 40000000, "netTangibleAssets": -3396772000, "netReceivables": 244560000, "longTermDebt": 4058318000, "inventory": 66683000, "accountsPayable": 94499000}, "2019-12-29": {"intangibleAssets": 74440000, "capitalSurplus": 243000, "totalLiab": 4797851000, "totalStockholderEquity": -3415759000, "otherCurrentLiab": 106121000, "totalAssets": 1382092000, "commonStock": 389000, "otherCurrentAssets": 314658000, "retainedEarnings": -3412649000, "otherLiab": 70234000, "goodWill": 15093000, "treasuryStock": -3742000, "otherAssets": 33276000, "cash": 190615000, "totalCurrentLiabilities": 453831000, "deferredLongTermAssetCharges": 10073000, "shortLongTermDebt": 42000000, "otherStockholderEquity": -3742000, "propertyPlantEquipment": 471666000, "totalCurrentAssets": 787617000, "netTangibleAssets": -3505292000, "netReceivables": 210260000, "longTermDebt": 4052792000, "inventory": 52955000, "accountsPayable": 111101000}, "2018-12-30": {"intangibleAssets": 63809000, "capitalSurplus": 569000, "totalLiab": 3947306000, "totalStockholderEquity": -3039921000, "otherCurrentLiab": 111150000, "totalAssets": 907385000, "commonStock": 410000, "otherCurrentAssets": 279737000, "retainedEarnings": -3036471000, "otherLiab": 71872000, "goodWill": 14919000, "treasuryStock": -4429000, "otherAssets": 26767000, "cash": 25438000, "totalCurrentLiabilities": 379743000, "deferredLongTermAssetCharges": 5526000, "shortLongTermDebt": 35250000, "otherStockholderEquity": -4429000, "propertyPlantEquipment": 234939000, "totalCurrentAssets": 566951000, "netTangibleAssets": -3118649000, "netReceivables": 190091000, "longTermDebt": 3479328000, "inventory": 45975000, "accountsPayable": 92546000}}, "quarterly": {"2022-06-19": {"intangibleAssets": 103137000, "capitalSurplus": 3589000, "totalLiab": 5850939000, "totalStockholderEquity": -4180309000, "otherCurrentLiab": 221193000, "totalAssets": 1670630000, "commonStock": 359000, "otherCurrentAssets": 340714000, "retainedEarnings": -4180367000, "otherLiab": 91238000, "goodWill": 16153000, "treasuryStock": -3890000, "otherAssets": 43038000, "cash": 114353000, "totalCurrentLiabilities": 575449000, "deferredLongTermAssetCharges": 2386000, "shortLongTermDebt": 51500000, "otherStockholderEquity": -3890000, "propertyPlantEquipment": 536592000, "totalCurrentAssets": 845870000, "longTermInvestments": 125840000, "netTangibleAssets": -4299599000, "netReceivables": 274957000, "longTermDebt": 4919269000, "inventory": 70201000, "accountsPayable": 99465000}, "2022-03-27": {"intangibleAssets": 96790000, "capitalSurplus": 3545000, "totalLiab": 5872664000, "totalStockholderEquity": -4198642000, "otherCurrentLiab": 214193000, "totalAssets": 1674022000, "commonStock": 360000, "otherCurrentAssets": 343729000, "retainedEarnings": -4200341000, "otherLiab": 93379000, "goodWill": 16153000, "treasuryStock": -2206000, "otherAssets": 45256000, "cash": 164962000, "totalCurrentLiabilities": 594824000, "deferredLongTermAssetCharges": 2247000, "shortLongTermDebt": 51500000, "otherStockholderEquity": -2206000, "propertyPlantEquipment": 528746000, "totalCurrentAssets": 861237000, "longTermInvestments": 125840000, "netTangibleAssets": -4311585000, "netReceivables": 246978000, "longTermDebt": 4930832000, "inventory": 77711000, "accountsPayable": 92353000}, "2022-01-02": {"intangibleAssets": 95558000, "capitalSurplus": 840000, "totalLiab": 5881352000, "totalStockholderEquity": -4209536000, "deferredLongTermLiab": 8900000, "otherCurrentLiab": 179137000, "totalAssets": 1671816000, "commonStock": 361000, "otherCurrentAssets": 361483000, "retainedEarnings": -4207917000, "otherLiab": 91502000, "goodWill": 15034000, "treasuryStock": -2820000, "otherAssets": 40077000, "cash": 148160000, "totalCurrentLiabilities": 590741000, "deferredLongTermAssetCharges": 2109000, "shortLongTermDebt": 51500000, "otherStockholderEquity": -2820000, "propertyPlantEquipment": 534767000, "totalCurrentAssets": 860540000, "longTermInvestments": 125840000, "netTangibleAssets": -4320128000, "netReceivables": 255327000, "longTermDebt": 4942388000, "inventory": 68328000, "accountsPayable": 91547000}, "2021-09-12": {"intangibleAssets": 91371000, "capitalSurplus": 115000, "totalLiab": 5891869000, "totalStockholderEquity": -4127513000, "otherCurrentLiab": 218405000, "totalAssets": 1764356000, "commonStock": 366000, "otherCurrentAssets": 393081000, "retainedEarnings": -4125582000, "otherLiab": 87786000, "goodWill": 15034000, "treasuryStock": -2412000, "otherAssets": 37908000, "cash": 295352000, "totalCurrentLiabilities": 596354000, "deferredLongTermAssetCharges": 1584000, "shortLongTermDebt": 51500000, "otherStockholderEquity": -2412000, "propertyPlantEquipment": 511547000, "totalCurrentAssets": 1025996000, "longTermInvestments": 82500000, "netTangibleAssets": -4233918000, "netReceivables": 238906000, "longTermDebt": 4953525000, "inventory": 64563000, "accountsPayable": 111780000}}}, "income": {"annual": {"2022-01-02": {"researchDevelopment": null, "effectOfAccountingCharges": null, "incomeBeforeTax": 625705000, "minorityInterest": null, "netIncome": 510467000, "sellingGeneralAdministrative": 428333000, "grossProfit": 1208741000, "ebit": 780408000, "operatingIncome": 780408000, "otherOperatingExpenses": null, "interestExpense": -191806000, "extraordinaryItems": null, "nonRecurring": null, "otherItems": null, "incomeTaxExpense": 115238000, "totalRevenue": 4357373000, "totalOperatingExpenses": 3576965000, "costOfRevenue": 3148632000, "totalOtherIncomeExpenseNet": -154703000, "discontinuedOperations": null, "netIncomeFromContinuingOps": 510467000, "netIncomeApplicableToCommonShares": 510467000}, "2021-01-03": {"researchDevelopment": null, "effectOfAccountingCharges": null, "incomeBeforeTax": 555130000, "minorityInterest": null, "netIncome": 491296000, "sellingGeneralAdministrative": 406613000, "grossProfit": 1132255000, "ebit": 725642000, "operatingIncome": 725642000, "otherOperatingExpenses": null, "interestExpense": -172166000, "extraordinaryItems": null, "nonRecurring": null, "otherItems": null, "incomeTaxExpense": 63834000, "totalRevenue": 4117411000, "totalOperatingExpenses": 3391769000, "costOfRevenue": 2985156000, "totalOtherIncomeExpenseNet": -170512000, "discontinuedOperations": null, "netIncomeFromContinuingOps": 491296000, "netIncomeApplicableToCommonShares": 491296000}, "2019-12-29": {"researchDevelopment": null, "effectOfAccountingCharges": null, "incomeBeforeTax": 482637000, "minorityInterest": null, "netIncome": 400709000, "sellingGeneralAdministrative": 380793000, "grossProfit": 1011700000, "ebit": 630907000, "operatingIncome": 630907000, "otherOperatingExpenses": null, "interestExpense": -150818000, "extraordinaryItems": null, "nonRecurring": null, "otherItems": null, "incomeTaxExpense": 81928000, "totalRevenue": 3618774000, "totalOperatingExpenses": 2987867000, "costOfRevenue": 2607074000, "totalOtherIncomeExpenseNet": -148270000, "discontinuedOperations": null, "netIncomeFromContinuingOps": 400709000, "netIncomeApplicableToCommonShares": 400709000}, "2018-12-30": {"researchDevelopment": null, "effectOfAccountingCharges": null, "incomeBeforeTax": 428678000, "minorityInterest": null, "netIncome": 361972000, "sellingGeneralAdministrative": 371964000, "grossProfit": 944153000, "ebit": 572189000, "operatingIncome": 572189000, "otherOperatingExpenses": null, "interestExpense": -146345000, "extraordinaryItems": null, "nonRecurring": null, "otherItems": null, "incomeTaxExpense": 66706000, "totalRevenue": 3432867000, "totalOperatingExpenses": 2860678000, "costOfRevenue": 2488714000, "totalOtherIncomeExpenseNet": -143511000, "discontinuedOperations": null, "netIncomeFromContinuingOps": 361972000, "netIncomeApplicableToCommonShares": 361972000}}, "quarterly": {"2022-06-19": {"researchDevelopment": null, "effectOfAccountingCharges": null, "incomeBeforeTax": 133482000, "minorityInterest": null, "netIncome": 102493000, "sellingGeneralAdministrative": 97070000, "grossProfit": 275184000, "ebit": 178114000, "operatingIncome": 178114000, "otherOperatingExpenses": null, "interestExpense": -44851000, "extraordinaryItems": null, "nonRecurring": null, "otherItems": null, "incomeTaxExpense": 30989000, "totalRevenue": 1065182000, "totalOperatingExpenses": 887068000, "costOfRevenue": 789998000, "totalOtherIncomeExpenseNet": -44632000, "discontinuedOperations": null, "netIncomeFromContinuingOps": 102493000, "netIncomeApplicableToCommonShares": 102493000}, "2022-03-27": {"researchDevelopment": null, "effectOfAccountingCharges": null, "incomeBeforeTax": 117718000, "minorityInterest": null, "netIncome": 90964000, "sellingGeneralAdministrative": 97494000, "grossProfit": 262035000, "ebit": 164541000, "operatingIncome": 164541000, "otherOperatingExpenses": null, "interestExpense": -46872000, "extraordinaryItems": null, "nonRecurring": null, "otherItems": null, "incomeTaxExpense": 26754000, "totalRevenue": 1011149000, "totalOperatingExpenses": 846608000, "costOfRevenue": 749114000, "totalOtherIncomeExpenseNet": -46823000, "discontinuedOperations": null, "netIncomeFromContinuingOps": 90964000, "netIncomeApplicableToCommonShares": 90964000}, "2022-01-02": {"researchDevelopment": null, "effectOfAccountingCharges": null, "incomeBeforeTax": 196169000, "minorityInterest": null, "netIncome": 155685000, "sellingGeneralAdministrative": 140290000, "grossProfit": 362978000, "ebit": 222688000, "operatingIncome": 222688000, "otherOperatingExpenses": null, "interestExpense": -60984000, "extraordinaryItems": null, "nonRecurring": null, "otherItems": null, "incomeTaxExpense": 40484000, "totalRevenue": 1343213000, "totalOperatingExpenses": 1120525000, "costOfRevenue": 980235000, "totalOtherIncomeExpenseNet": -26519000, "discontinuedOperations": null, "netIncomeFromContinuingOps": 155685000, "netIncomeApplicableToCommonShares": 155685000}, "2021-09-12": {"researchDevelopment": null, "effectOfAccountingCharges": null, "incomeBeforeTax": 134805000, "minorityInterest": null, "netIncome": 120402000, "sellingGeneralAdministrative": 96342000, "grossProfit": 276622000, "ebit": 180280000, "operatingIncome": 180280000, "otherOperatingExpenses": null, "interestExpense": -45523000, "extraordinaryItems": null, "nonRecurring": null, "otherItems": null, "incomeTaxExpense": 14403000, "totalRevenue": 997990000, "totalOperatingExpenses": 817710000, "costOfRevenue": 721368000, "totalOtherIncomeExpenseNet": -45475000, "discontinuedOperations": null, "netIncomeFromContinuingOps": 120402000, "netIncomeApplicableToCommonShares": 120402000}}}, "cash": {"annual": {"2022-01-02": {"investments": -49082000, "changeToLiabilities": 51346000, "totalCashflowsFromInvestingActivities": -142723000, "netBorrowings": 939788000, "totalCashFromFinancingActivities": -522833000, "changeToOperatingActivities": 52651000, "issuanceOfStock": 19682000, "netIncome": 510467000, "changeInCash": -11666000, "repurchaseOfStock": -1327722000, "effectOfExchangeRate": -316000, "totalCashFromOperatingActivities": 654206000, "depreciation": 48623000, "otherCashflowsFromInvestingActivities": 515000, "dividendsPaid": -139399000, "changeToInventory": -9420000, "changeToAccountReceivables": -8107000, "otherCashflowsFromFinancingActivities": -15182000, "changeToNetincome": -23163000, "capitalExpenditures": -94172000}, "2021-01-03": {"investments": -40000000, "changeToLiabilities": 68954000, "totalCashflowsFromInvestingActivities": -128927000, "netBorrowings": -44058000, "totalCashFromFinancingActivities": -446406000, "changeToOperatingActivities": 36913000, "issuanceOfStock": 30970000, "netIncome": 491296000, "changeInCash": 18222000, "repurchaseOfStock": -311393000, "effectOfExchangeRate": 761000, "totalCashFromOperatingActivities": 592794000, "depreciation": 42038000, "otherCashflowsFromInvestingActivities": -333000, "dividendsPaid": -121925000, "changeToInventory": -24959000, "changeToAccountReceivables": -33334000, "otherCashflowsFromFinancingActivities": -15182000, "changeToNetincome": -16640000, "capitalExpenditures": -88768000}, "2019-12-29": {"investments": -40000000, "changeToLiabilities": 66137000, "totalCashflowsFromInvestingActivities": -27854000, "netBorrowings": 582915000, "totalCashFromFinancingActivities": -222792000, "changeToOperatingActivities": -1384000, "issuanceOfStock": 13064000, "netIncome": 400709000, "changeInCash": 246505000, "repurchaseOfStock": -704958000, "effectOfExchangeRate": 201000, "totalCashFromOperatingActivities": 496950000, "depreciation": 37130000, "otherCashflowsFromInvestingActivities": 48876000, "dividendsPaid": -105715000, "changeToInventory": -6741000, "changeToAccountReceivables": -20900000, "otherCashflowsFromFinancingActivities": -8098000, "changeToNetincome": -5549000, "capitalExpenditures": -85565000}, "2018-12-30": {"investments": -40000000, "changeToLiabilities": 10010000, "totalCashflowsFromInvestingActivities": -88257000, "netBorrowings": 365912000, "totalCashFromFinancingActivities": -322803000, "changeToOperatingActivities": -3178000, "issuanceOfStock": 9832000, "netIncome": 361972000, "changeInCash": -17427000, "repurchaseOfStock": -598174000, "effectOfExchangeRate": -538000, "totalCashFromOperatingActivities": 394171000, "depreciation": 34965000, "otherCashflowsFromInvestingActivities": 23264000, "dividendsPaid": -92166000, "changeToInventory": -12455000, "changeToAccountReceivables": -18172000, "otherCashflowsFromFinancingActivities": -8207000, "changeToNetincome": -5704000, "capitalExpenditures": -119888000}}, "quarterly": {"2022-06-19": {"changeToLiabilities": 0, "totalCashflowsFromInvestingActivities": -19277000, "netBorrowings": -13667000, "totalCashFromFinancingActivities": -104624000, "changeToOperatingActivities": -57969000, "issuanceOfStock": 260000, "netIncome": 102493000, "changeInCash": -50284000, "repurchaseOfStock": -51606000, "effectOfExchangeRate": -1009000, "totalCashFromOperatingActivities": 74626000, "depreciation": 18117000, "otherCashflowsFromInvestingActivities": 933000, "dividendsPaid": -39611000, "changeToNetincome": 10673000, "capitalExpenditures": -20210000}, "2022-03-27": {"changeToLiabilities": 0, "totalCashflowsFromInvestingActivities": -20636000, "netBorrowings": -13861000, "totalCashFromFinancingActivities": -62096000, "changeToOperatingActivities": -42625000, "issuanceOfStock": 266000, "netIncome": 90964000, "changeInCash": -3569000, "repurchaseOfStock": -48450000, "effectOfExchangeRate": 374000, "totalCashFromOperatingActivities": 78789000, "depreciation": 18976000, "otherCashflowsFromInvestingActivities": -1368000, "dividendsPaid": -51000, "changeToNetincome": 10155000, "capitalExpenditures": -12454000}, "2022-01-02": {"investments": -9082000, "changeToLiabilities": 51346000, "totalCashflowsFromInvestingActivities": -52377000, "netBorrowings": -14019000, "totalCashFromFinancingActivities": -294684000, "changeToOperatingActivities": -16628000, "issuanceOfStock": 3734000, "netIncome": 155685000, "changeInCash": -177830000, "repurchaseOfStock": -216218000, "effectOfExchangeRate": -374000, "totalCashFromOperatingActivities": 169605000, "depreciation": -1596000, "otherCashflowsFromInvestingActivities": 209000, "dividendsPaid": -68181000, "changeToInventory": -9420000, "changeToAccountReceivables": -8107000, "changeToNetincome": -27714000, "capitalExpenditures": -43520000}, "2021-09-12": {"investments": -40000000, "changeToLiabilities": 0, "totalCashflowsFromInvestingActivities": -17476000, "netBorrowings": -13646000, "totalCashFromFinancingActivities": -126926000, "changeToOperatingActivities": 56372000, "issuanceOfStock": 6923000, "netIncome": 120402000, "changeInCash": 44540000, "repurchaseOfStock": -85417000, "effectOfExchangeRate": -244000, "totalCashFromOperatingActivities": 189186000, "depreciation": 16578000, "otherCashflowsFromInvestingActivities": 13000, "dividendsPaid": -34786000, "changeToInventory": -9420000, "changeToAccountReceivables": -8107000, "changeToNetincome": -5498000, "capitalExpenditures": -17489000}}}}}