{"HD": {"balance": {"annual": {"2022-01-30": {"intangibleAssets": 3503000000, "capitalSurplus": 12132000000, "totalLiab": 73572000000, "totalStockholderEquity": -1696000000, "otherCurrentLiab": 3754000000, "totalAssets": 71876000000, "commonStock": 90000000, "otherCurrentAssets": 1218000000, "retainedEarnings": 67580000000, "otherLiab": 2922000000, "goodWill": 7449000000, "treasuryStock": -81498000000, "otherAssets": 644000000, "cash": 2343000000, "totalCurrentLiabilities": 28693000000, "deferredLongTermAssetCharges": 344000000, "shortLongTermDebt": 2249000000, "otherStockholderEquity": -704000000, "propertyPlantEquipment": 31167000000, "totalCurrentAssets": 29055000000, "longTermInvestments": 58000000, "netTangibleAssets": -12648000000, "netReceivables": 3426000000, "longTermDebt": 33566000000, "inventory": 22068000000, "accountsPayable": 13462000000}, "2021-01-31": {"intangibleAssets": 3612000000, "capitalSurplus": 11540000000, "totalLiab": 67282000000, "totalStockholderEquity": 3299000000, "otherCurrentLiab": 3016000000, "totalAssets": 70581000000, "commonStock": 89000000, "otherCurrentAssets": 963000000, "retainedEarnings": 58134000000, "otherLiab": 2938000000, "goodWill": 7126000000, "treasuryStock": -66464000000, "otherAssets": 527000000, "cash": 7895000000, "totalCurrentLiabilities": 23166000000, "deferredLongTermAssetCharges": 305000000, "shortLongTermDebt": 1350000000, "otherStockholderEquity": -671000000, "propertyPlantEquipment": 30667000000, "totalCurrentAssets": 28477000000, "longTermInvestments": 172000000, "netTangibleAssets": -7439000000, "netReceivables": 2992000000, "longTermDebt": 33122000000, "inventory": 16627000000, "accountsPayable": 11606000000}, "2020-02-02": {"capitalSurplus": 11001000000, "totalLiab": 54352000000, "totalStockholderEquity": -3116000000, "otherCurrentLiab": 2171000000, "totalAssets": 51236000000, "commonStock": 89000000, "otherCurrentAssets": 1040000000, "retainedEarnings": 51729000000, "otherLiab": 2241000000, "goodWill": 2254000000, "treasuryStock": -65935000000, "otherAssets": 687000000, "cash": 2133000000, "totalCurrentLiabilities": 18375000000, "deferredLongTermAssetCharges": 139000000, "shortLongTermDebt": 1755000000, "otherStockholderEquity": -739000000, "propertyPlantEquipment": 28365000000, "totalCurrentAssets": 19810000000, "longTermInvestments": 120000000, "netTangibleAssets": -5370000000, "netReceivables": 2106000000, "longTermDebt": 27589000000, "inventory": 14531000000, "accountsPayable": 7787000000}, "2019-02-03": {"capitalSurplus": 10578000000, "totalLiab": 45881000000, "totalStockholderEquity": -1878000000, "otherCurrentLiab": 1793000000, "totalAssets": 44003000000, "commonStock": 89000000, "otherCurrentAssets": 890000000, "retainedEarnings": 46423000000, "otherLiab": 2358000000, "goodWill": 2252000000, "treasuryStock": -58968000000, "otherAssets": 847000000, "cash": 1778000000, "totalCurrentLiabilities": 16716000000, "deferredLongTermAssetCharges": 121000000, "shortLongTermDebt": 999000000, "otherStockholderEquity": -772000000, "propertyPlantEquipment": 22375000000, "totalCurrentAssets": 18529000000, "netTangibleAssets": -4130000000, "netReceivables": 1936000000, "longTermDebt": 25815000000, "inventory": 13925000000, "accountsPayable": 7755000000}}, "quarterly": {"2022-07-31": {"capitalSurplus": 12309000000, "totalLiab": 75588000000, "totalStockholderEquity": 237000000, "otherCurrentLiab": 3539000000, "totalAssets": 75825000000, "commonStock": 90000000, "otherCurrentAssets": 1869000000, "retainedEarnings": 73074000000, "otherLiab": 2524000000, "goodWill": 7451000000, "treasuryStock": -85236000000, "otherAssets": 4041000000, "cash": 1259000000, "totalCurrentLiabilities": 27834000000, "shortLongTermDebt": 999000000, "otherStockholderEquity": -672000000, "propertyPlantEquipment": 31379000000, "totalCurrentAssets": 32941000000, "longTermInvestments": 13000000, "netTangibleAssets": -7214000000, "netReceivables": 3725000000, "longTermDebt": 36717000000, "inventory": 26088000000, "accountsPayable": 14348000000}, "2022-05-01": {"capitalSurplus": 12079000000, "totalLiab": 78276000000, "totalStockholderEquity": -1709000000, "otherCurrentLiab": 3675000000, "totalAssets": 76567000000, "commonStock": 90000000, "otherCurrentAssets": 1790000000, "retainedEarnings": 69849000000, "otherLiab": 2736000000, "goodWill": 7450000000, "treasuryStock": -83727000000, "otherAssets": 4096000000, "cash": 2844000000, "totalCurrentLiabilities": 30387000000, "shortLongTermDebt": 2249000000, "otherStockholderEquity": -683000000, "propertyPlantEquipment": 31146000000, "totalCurrentAssets": 33867000000, "longTermInvestments": 8000000, "netTangibleAssets": -9159000000, "netReceivables": 3936000000, "longTermDebt": 36706000000, "inventory": 25297000000, "accountsPayable": 15367000000}, "2022-01-30": {"intangibleAssets": 3503000000, "capitalSurplus": 12132000000, "totalLiab": 73572000000, "totalStockholderEquity": -1696000000, "otherCurrentLiab": 3754000000, "totalAssets": 71876000000, "commonStock": 90000000, "otherCurrentAssets": 1218000000, "retainedEarnings": 67580000000, "otherLiab": 2922000000, "goodWill": 7449000000, "treasuryStock": -81498000000, "otherAssets": 644000000, "cash": 2343000000, "totalCurrentLiabilities": 28693000000, "deferredLongTermAssetCharges": 344000000, "shortLongTermDebt": 2249000000, "otherStockholderEquity": -704000000, "propertyPlantEquipment": 31167000000, "totalCurrentAssets": 29055000000, "longTermInvestments": 58000000, "netTangibleAssets": -12648000000, "netReceivables": 3426000000, "longTermDebt": 33566000000, "inventory": 22068000000, "accountsPayable": 13462000000}, "2021-10-31": {"capitalSurplus": 11889000000, "totalLiab": 71996000000, "totalStockholderEquity": 1035000000, "otherCurrentLiab": 3499000000, "totalAssets": 73031000000, "commonStock": 90000000, "otherCurrentAssets": 1284000000, "retainedEarnings": 65951000000, "otherLiab": 3091000000, "goodWill": 7445000000, "treasuryStock": -76895000000, "otherAssets": 4282000000, "cash": 5067000000, "totalCurrentLiabilities": 26903000000, "shortLongTermDebt": 2248000000, "otherStockholderEquity": -602000000, "propertyPlantEquipment": 30838000000, "totalCurrentAssets": 30466000000, "netTangibleAssets": -6410000000, "netReceivables": 3533000000, "longTermDebt": 33679000000, "inventory": 20582000000, "accountsPayable": 13375000000}}}, "income": {"annual": {"2022-01-30": {"researchDevelopment": null, "effectOfAccountingCharges": null, "incomeBeforeTax": 21737000000, "minorityInterest": null, "netIncome": 16433000000, "sellingGeneralAdministrative": 25144000000, "grossProfit": 50832000000, "ebit": 23302000000, "operatingIncome": 23302000000, "otherOperatingExpenses": null, "interestExpense": -1347000000, "extraordinaryItems": null, "nonRecurring": null, "otherItems": null, "incomeTaxExpense": 5304000000, "totalRevenue": 151157000000, "totalOperatingExpenses": 127855000000, "costOfRevenue": 100325000000, "totalOtherIncomeExpenseNet": -1565000000, "discontinuedOperations": null, "netIncomeFromContinuingOps": 16433000000, "netIncomeApplicableToCommonShares": 16433000000}, "2021-01-31": {"researchDevelopment": null, "effectOfAccountingCharges": null, "incomeBeforeTax": 16978000000, "minorityInterest": null, "netIncome": 12866000000, "sellingGeneralAdministrative": 22237000000, "grossProfit": 44853000000, "ebit": 20488000000, "operatingIncome": 20488000000, "otherOperatingExpenses": null, "interestExpense": -1347000000, "extraordinaryItems": null, "nonRecurring": null, "otherItems": null, "incomeTaxExpense": 4112000000, "totalRevenue": 132110000000, "totalOperatingExpenses": 111622000000, "costOfRevenue": 87257000000, "totalOtherIncomeExpenseNet": -3510000000, "discontinuedOperations": null, "netIncomeFromContinuingOps": 12866000000, "netIncomeApplicableToCommonShares": 12866000000}, "2020-02-02": {"researchDevelopment": null, "effectOfAccountingCharges": null, "incomeBeforeTax": 14715000000, "minorityInterest": null, "netIncome": 11242000000, "sellingGeneralAdministrative": 19740000000, "grossProfit": 37572000000, "ebit": 15843000000, "operatingIncome": 15843000000, "otherOperatingExpenses": null, "interestExpense": -1201000000, "extraordinaryItems": null, "nonRecurring": null, "otherItems": null, "incomeTaxExpense": 3473000000, "totalRevenue": 110225000000, "totalOperatingExpenses": 94382000000, "costOfRevenue": 72653000000, "totalOtherIncomeExpenseNet": -1128000000, "discontinuedOperations": null, "netIncomeFromContinuingOps": 11242000000, "netIncomeApplicableToCommonShares": 11242000000}, "2019-02-03": {"researchDevelopment": null, "effectOfAccountingCharges": null, "incomeBeforeTax": 14556000000, "minorityInterest": null, "netIncome": 11121000000, "sellingGeneralAdministrative": 19513000000, "grossProfit": 37160000000, "ebit": 15777000000, "operatingIncome": 15777000000, "otherOperatingExpenses": null, "interestExpense": -1051000000, "extraordinaryItems": null, "nonRecurring": null, "otherItems": null, "incomeTaxExpense": 3435000000, "totalRevenue": 108203000000, "totalOperatingExpenses": 92426000000, "costOfRevenue": 71043000000, "totalOtherIncomeExpenseNet": -1221000000, "discontinuedOperations": null, "netIncomeFromContinuingOps": 11121000000, "netIncomeApplicableToCommonShares": 11121000000}}, "quarterly": {"2022-07-31": {"researchDevelopment": null, "effectOfAccountingCharges": null, "incomeBeforeTax": 6831000000, "minorityInterest": null, "netIncome": 5173000000, "sellingGeneralAdministrative": 6657000000, "grossProfit": 14483000000, "ebit": 7210000000, "operatingIncome": 7210000000, "otherOperatingExpenses": null, "interestExpense": -381000000, "extraordinaryItems": null, "nonRecurring": null, "otherItems": null, "incomeTaxExpense": 1658000000, "totalRevenue": 43792000000, "totalOperatingExpenses": 36582000000, "costOfRevenue": 29309000000, "totalOtherIncomeExpenseNet": -379000000, "discontinuedOperations": null, "netIncomeFromContinuingOps": 5173000000, "netIncomeApplicableToCommonShares": 5173000000}, "2022-05-01": {"researchDevelopment": null, "effectOfAccountingCharges": null, "incomeBeforeTax": 5560000000, "minorityInterest": null, "netIncome": 4231000000, "sellingGeneralAdministrative": 6610000000, "grossProfit": 13145000000, "ebit": 5929000000, "operatingIncome": 5929000000, "otherOperatingExpenses": null, "interestExpense": -372000000, "extraordinaryItems": null, "nonRecurring": null, "otherItems": null, "incomeTaxExpense": 1329000000, "totalRevenue": 38908000000, "totalOperatingExpenses": 32979000000, "costOfRevenue": 25763000000, "totalOtherIncomeExpenseNet": -369000000, "discontinuedOperations": null, "netIncomeFromContinuingOps": 4231000000, "netIncomeApplicableToCommonShares": 4231000000}, "2022-01-30": {"researchDevelopment": null, "effectOfAccountingCharges": null, "incomeBeforeTax": 4502000000, "minorityInterest": null, "netIncome": 3352000000, "sellingGeneralAdministrative": 6306000000, "grossProfit": 11862000000, "ebit": 4950000000, "operatingIncome": 4950000000, "otherOperatingExpenses": null, "interestExpense": -341000000, "extraordinaryItems": null, "nonRecurring": null, "otherItems": null, "incomeTaxExpense": 1150000000, "totalRevenue": 35719000000, "totalOperatingExpenses": 30769000000, "costOfRevenue": 23857000000, "totalOtherIncomeExpenseNet": -448000000, "discontinuedOperations": null, "netIncomeFromContinuingOps": 3352000000, "netIncomeApplicableToCommonShares": 3352000000}, "2021-10-31": {"researchDevelopment": null, "effectOfAccountingCharges": null, "incomeBeforeTax": 5469000000, "minorityInterest": null, "netIncome": 4129000000, "sellingGeneralAdministrative": 6133000000, "grossProfit": 12563000000, "ebit": 5830000000, "operatingIncome": 5830000000, "otherOperatingExpenses": null, "interestExpense": -341000000, "extraordinaryItems": null, "nonRecurring": null, "otherItems": null, "incomeTaxExpense": 1340000000, "totalRevenue": 36820000000, "totalOperatingExpenses": 30990000000, "costOfRevenue": 24257000000, "totalOtherIncomeExpenseNet": -361000000, "discontinuedOperations": null, "netIncomeFromContinuingOps": 4129000000, "netIncomeApplicableToCommonShares": 4129000000}}}, "cash": {"annual": {"2022-01-30": {"changeToLiabilities": 2900000000, "totalCashflowsFromInvestingActivities": -2969000000, "netBorrowings": 2482000000, "totalCashFromFinancingActivities": -19120000000, "changeToOperatingActivities": -330000000, "issuanceOfStock": 337000000, "netIncome": 16433000000, "changeInCash": -5552000000, "repurchaseOfStock": -14809000000, "effectOfExchangeRate": -34000000, "totalCashFromOperatingActivities": 16571000000, "depreciation": 2862000000, "otherCashflowsFromInvestingActivities": 18000000, "dividendsPaid": -6985000000, "changeToInventory": -5403000000, "changeToAccountReceivables": -435000000, "otherCashflowsFromFinancingActivities": -145000000, "changeToNetincome": 595000000, "capitalExpenditures": -2566000000}, "2021-01-31": {"changeToLiabilities": 5251000000, "totalCashflowsFromInvestingActivities": -10170000000, "netBorrowings": 4087000000, "totalCashFromFinancingActivities": -2983000000, "changeToOperatingActivities": 43000000, "issuanceOfStock": 326000000, "netIncome": 12866000000, "changeInCash": 5762000000, "repurchaseOfStock": -791000000, "effectOfExchangeRate": 76000000, "totalCashFromOperatingActivities": 18839000000, "depreciation": 2519000000, "otherCashflowsFromInvestingActivities": 73000000, "dividendsPaid": -6451000000, "changeToInventory": -1657000000, "changeToAccountReceivables": -465000000, "otherCashflowsFromFinancingActivities": -154000000, "changeToNetincome": 431000000, "capitalExpenditures": -2463000000}, "2020-02-02": {"changeToLiabilities": 568000000, "totalCashflowsFromInvestingActivities": -2653000000, "netBorrowings": 1985000000, "totalCashFromFinancingActivities": -10798000000, "changeToOperatingActivities": -135000000, "issuanceOfStock": 280000000, "netIncome": 11242000000, "changeInCash": 355000000, "repurchaseOfStock": -6965000000, "effectOfExchangeRate": 119000000, "totalCashFromOperatingActivities": 13687000000, "depreciation": 2296000000, "otherCashflowsFromInvestingActivities": 25000000, "dividendsPaid": -5958000000, "changeToInventory": -593000000, "changeToAccountReceivables": -170000000, "otherCashflowsFromFinancingActivities": -140000000, "changeToNetincome": 435000000, "capitalExpenditures": -2678000000}, "2019-02-03": {"changeToLiabilities": 976000000, "totalCashflowsFromInvestingActivities": -2416000000, "netBorrowings": 2037000000, "totalCashFromFinancingActivities": -12547000000, "changeToOperatingActivities": -257000000, "issuanceOfStock": 236000000, "netIncome": 11121000000, "changeInCash": -1817000000, "repurchaseOfStock": -9963000000, "effectOfExchangeRate": -19000000, "totalCashFromOperatingActivities": 13165000000, "depreciation": 2152000000, "otherCashflowsFromInvestingActivities": 47000000, "dividendsPaid": -4704000000, "changeToInventory": -1244000000, "changeToAccountReceivables": 33000000, "otherCashflowsFromFinancingActivities": -153000000, "changeToNetincome": 426000000, "capitalExpenditures": -2442000000}}, "quarterly": {"2022-07-31": {"changeToLiabilities": -852000000, "totalCashflowsFromInvestingActivities": -760000000, "netBorrowings": -773000000, "totalCashFromFinancingActivities": -4219000000, "changeToOperatingActivities": -79000000, "issuanceOfStock": 137000000, "netIncome": 5173000000, "changeInCash": -1585000000, "repurchaseOfStock": -1654000000, "effectOfExchangeRate": 1000000, "totalCashFromOperatingActivities": 3393000000, "depreciation": 746000000, "otherCashflowsFromInvestingActivities": -17000000, "dividendsPaid": -1948000000, "changeToInventory": -783000000, "changeToAccountReceivables": 194000000, "otherCashflowsFromFinancingActivities": 19000000, "changeToNetincome": 54000000, "capitalExpenditures": -743000000}, "2022-05-01": {"changeToLiabilities": 1779000000, "totalCashflowsFromInvestingActivities": -701000000, "netBorrowings": 1868000000, "totalCashFromFinancingActivities": -2579000000, "changeToOperatingActivities": -589000000, "issuanceOfStock": 5000000, "netIncome": 4231000000, "changeInCash": 501000000, "repurchaseOfStock": -2308000000, "effectOfExchangeRate": -8000000, "totalCashFromOperatingActivities": 3789000000, "depreciation": 727000000, "otherCashflowsFromInvestingActivities": 3000000, "dividendsPaid": -1962000000, "changeToInventory": -3226000000, "changeToAccountReceivables": -489000000, "otherCashflowsFromFinancingActivities": -182000000, "changeToNetincome": 235000000, "capitalExpenditures": -704000000}, "2022-01-30": {"changeToLiabilities": 383000000, "totalCashflowsFromInvestingActivities": -837000000, "netBorrowings": 983000000, "totalCashFromFinancingActivities": -5011000000, "changeToOperatingActivities": 45000000, "issuanceOfStock": 147000000, "netIncome": 3352000000, "changeInCash": -2724000000, "repurchaseOfStock": -4435000000, "effectOfExchangeRate": -61000000, "totalCashFromOperatingActivities": 3185000000, "depreciation": 734000000, "otherCashflowsFromInvestingActivities": -3000000, "dividendsPaid": -1721000000, "changeToInventory": -1532000000, "changeToAccountReceivables": 98000000, "otherCashflowsFromFinancingActivities": 15000000, "changeToNetincome": 146000000, "capitalExpenditures": -829000000}, "2021-10-31": {"changeToLiabilities": 304000000, "totalCashflowsFromInvestingActivities": -674000000, "netBorrowings": 2933000000, "totalCashFromFinancingActivities": -2275000000, "changeToOperatingActivities": 199000000, "issuanceOfStock": 23000000, "netIncome": 4129000000, "changeInCash": 501000000, "repurchaseOfStock": -3469000000, "effectOfExchangeRate": 11000000, "totalCashFromOperatingActivities": 3439000000, "depreciation": 714000000, "otherCashflowsFromInvestingActivities": 21000000, "dividendsPaid": -1738000000, "changeToInventory": -1680000000, "changeToAccountReceivables": -212000000, "otherCashflowsFromFinancingActivities": -24000000, "changeToNetincome": 149000000, "capitalExpenditures": -695000000}}}}, "LOW": {"balance": {"annual": {"2022-01-28": {"intangibleAssets": 522000000, "totalLiab": 49456000000, "totalStockholderEquity": -4816000000, "otherCurrentLiab": 4182000000, "totalAssets": 44640000000, "commonStock": 335000000, "otherCurrentAssets": 985000000, "retainedEarnings": -5115000000, "otherLiab": 1887000000, "goodWill": 311000000, "treasuryStock": -36000000, "otherAssets": 520000000, "cash": 1133000000, "totalCurrentLiabilities": 19668000000, "deferredLongTermAssetCharges": 164000000, "shortLongTermDebt": 765000000, "otherStockholderEquity": -36000000, "propertyPlantEquipment": 23179000000, "totalCurrentAssets": 20060000000, "longTermInvestments": 48000000, "netTangibleAssets": -5649000000, "shortTermInvestments": 271000000, "longTermDebt": 23317000000, "inventory": 17605000000, "accountsPayable": 11354000000}, "2021-01-29": {"intangibleAssets": 419000000, "capitalSurplus": 90000000, "totalLiab": 45298000000, "totalStockholderEquity": 1437000000, "otherCurrentLiab": 3782000000, "totalAssets": 46735000000, "commonStock": 366000000, "otherCurrentAssets": 937000000, "retainedEarnings": 1117000000, "otherLiab": 2010000000, "goodWill": 311000000, "treasuryStock": -136000000, "otherAssets": 688000000, "cash": 4690000000, "totalCurrentLiabilities": 18730000000, "deferredLongTermAssetCharges": 340000000, "shortLongTermDebt": 1026000000, "otherStockholderEquity": -136000000, "propertyPlantEquipment": 22987000000, "totalCurrentAssets": 22326000000, "longTermInvestments": 4000000, "netTangibleAssets": 707000000, "shortTermInvestments": 506000000, "longTermDebt": 20104000000, "inventory": 16193000000, "accountsPayable": 10884000000}, "2020-01-31": {"totalLiab": 37499000000, "totalStockholderEquity": 1972000000, "otherCurrentLiab": 2821000000, "totalAssets": 39471000000, "commonStock": 381000000, "otherCurrentAssets": 1263000000, "retainedEarnings": 1727000000, "otherLiab": 1606000000, "goodWill": 303000000, "treasuryStock": -136000000, "otherAssets": 1190000000, "cash": 716000000, "totalCurrentLiabilities": 15182000000, "deferredLongTermAssetCharges": 216000000, "shortLongTermDebt": 525000000, "otherStockholderEquity": -136000000, "propertyPlantEquipment": 22660000000, "totalCurrentAssets": 15318000000, "longTermInvestments": 372000000, "netTangibleAssets": 1669000000, "shortTermInvestments": 160000000, "longTermDebt": 16156000000, "inventory": 13179000000, "accountsPayable": 7659000000}, "2019-02-01": {"intangibleAssets": 569000000, "totalLiab": 30864000000, "totalStockholderEquity": 3644000000, "otherCurrentLiab": 2875000000, "totalAssets": 34508000000, "commonStock": 401000000, "otherCurrentAssets": 938000000, "retainedEarnings": 3452000000, "otherLiab": 1976000000, "goodWill": 303000000, "treasuryStock": -209000000, "otherAssets": 1545000000, "cash": 511000000, "totalCurrentLiabilities": 14497000000, "deferredLongTermAssetCharges": 294000000, "shortLongTermDebt": 1045000000, "otherStockholderEquity": -209000000, "propertyPlantEquipment": 18432000000, "totalCurrentAssets": 14228000000, "netTangibleAssets": 3341000000, "shortTermInvestments": 218000000, "longTermDebt": 13682000000, "inventory": 12561000000, "accountsPayable": 8279000000}}, "quarterly": {"2022-07-29": {"totalLiab": 55167000000, "totalStockholderEquity": -8442000000, "otherCurrentLiab": 5735000000, "totalAssets": 46725000000, "commonStock": 316000000, "otherCurrentAssets": 1406000000, "retainedEarnings": -8895000000, "otherLiab": 1969000000, "treasuryStock": 137000000, "otherAssets": 1131000000, "cash": 1482000000, "totalCurrentLiabilities": 20366000000, "deferredLongTermAssetCharges": 104000000, "shortLongTermDebt": 121000000, "otherStockholderEquity": 137000000, "propertyPlantEquipment": 22871000000, "totalCurrentAssets": 22667000000, "longTermInvestments": 56000000, "netTangibleAssets": -8442000000, "shortTermInvestments": 450000000, "longTermDebt": 28763000000, "inventory": 19329000000, "accountsPayable": 12631000000}, "2022-04-29": {"totalLiab": 56602000000, "totalStockholderEquity": -6877000000, "otherCurrentLiab": 6050000000, "totalAssets": 49725000000, "commonStock": 326000000, "otherCurrentAssets": 1329000000, "retainedEarnings": -7367000000, "otherLiab": 1869000000, "treasuryStock": 164000000, "otherAssets": 1093000000, "cash": 3414000000, "totalCurrentLiabilities": 21831000000, "deferredLongTermAssetCharges": 33000000, "shortLongTermDebt": 121000000, "otherStockholderEquity": 164000000, "propertyPlantEquipment": 23021000000, "totalCurrentAssets": 25611000000, "netTangibleAssets": -6877000000, "shortTermInvestments": 368000000, "longTermDebt": 28172000000, "inventory": 20239000000, "accountsPayable": 13831000000}, "2022-01-28": {"intangibleAssets": 522000000, "totalLiab": 49456000000, "totalStockholderEquity": -4816000000, "otherCurrentLiab": 4182000000, "totalAssets": 44640000000, "commonStock": 335000000, "otherCurrentAssets": 985000000, "retainedEarnings": -5115000000, "otherLiab": 1887000000, "goodWill": 311000000, "treasuryStock": -36000000, "otherAssets": 520000000, "cash": 1133000000, "totalCurrentLiabilities": 19668000000, "deferredLongTermAssetCharges": 164000000, "shortLongTermDebt": 765000000, "otherStockholderEquity": -36000000, "propertyPlantEquipment": 23179000000, "totalCurrentAssets": 20060000000, "longTermInvestments": 48000000, "netTangibleAssets": -5649000000, "shortTermInvestments": 271000000, "longTermDebt": 23317000000, "inventory": 17605000000, "accountsPayable": 11354000000}, "2021-10-29": {"intangibleAssets": 535000000, "totalLiab": 50976000000, "totalStockholderEquity": -1576000000, "otherCurrentLiab": 5222000000, "totalAssets": 49400000000, "commonStock": 343000000, "otherCurrentAssets": 1049000000, "retainedEarnings": -1913000000, "otherLiab": 2118000000, "goodWill": 311000000, "treasuryStock": -6000000, "otherAssets": 599000000, "cash": 6121000000, "totalCurrentLiabilities": 20834000000, "deferredLongTermAssetCharges": 220000000, "shortLongTermDebt": 1260000000, "otherStockholderEquity": -6000000, "propertyPlantEquipment": 23086000000, "totalCurrentAssets": 24849000000, "longTermInvestments": 20000000, "netTangibleAssets": -2422000000, "shortTermInvestments": 552000000, "netReceivables": 408000000, "longTermDebt": 23535000000, "inventory": 16685000000, "accountsPayable": 11334000000}}}, "income": {"annual": {"2022-01-28": {"researchDevelopment": null, "effectOfAccountingCharges": null, "incomeBeforeTax": 11208000000, "minorityInterest": null, "netIncome": 8442000000, "sellingGeneralAdministrative": 18139000000, "grossProfit": 32056000000, "ebit": 12255000000, "operatingIncome": 12255000000, "otherOperatingExpenses": null, "interestExpense": -897000000, "extraordinaryItems": null, "nonRecurring": null, "otherItems": null, "incomeTaxExpense": 2766000000, "totalRevenue": 96250000000, "totalOperatingExpenses": 83995000000, "costOfRevenue": 64194000000, "totalOtherIncomeExpenseNet": -1047000000, "discontinuedOperations": null, "netIncomeFromContinuingOps": 8442000000, "netIncomeApplicableToCommonShares": 8409000000}, "2021-01-29": {"researchDevelopment": null, "effectOfAccountingCharges": null, "incomeBeforeTax": 7739000000, "minorityInterest": null, "netIncome": 5835000000, "sellingGeneralAdministrative": 17292000000, "grossProfit": 29582000000, "ebit": 10892000000, "operatingIncome": 10892000000, "otherOperatingExpenses": null, "interestExpense": -872000000, "extraordinaryItems": null, "nonRecurring": null, "otherItems": null, "incomeTaxExpense": 1904000000, "totalRevenue": 89597000000, "totalOperatingExpenses": 78705000000, "costOfRevenue": 60015000000, "totalOtherIncomeExpenseNet": -3153000000, "discontinuedOperations": null, "netIncomeFromContinuingOps": 5835000000, "netIncomeApplicableToCommonShares": 5811000000}, "2020-01-31": {"researchDevelopment": null, "effectOfAccountingCharges": null, "incomeBeforeTax": 5623000000, "minorityInterest": null, "netIncome": 4281000000, "sellingGeneralAdministrative": 15282000000, "grossProfit": 22943000000, "ebit": 6422000000, "operatingIncome": 6422000000, "otherOperatingExpenses": null, "interestExpense": -718000000, "extraordinaryItems": null, "nonRecurring": null, "otherItems": null, "incomeTaxExpense": 1342000000, "totalRevenue": 72148000000, "totalOperatingExpenses": 65726000000, "costOfRevenue": 49205000000, "totalOtherIncomeExpenseNet": -799000000, "discontinuedOperations": null, "netIncomeFromContinuingOps": 4281000000, "netIncomeApplicableToCommonShares": 4268000000}, "2019-02-01": {"researchDevelopment": null, "effectOfAccountingCharges": null, "incomeBeforeTax": 3394000000, "minorityInterest": null, "netIncome": 2314000000, "sellingGeneralAdministrative": 16461000000, "grossProfit": 22908000000, "ebit": 4970000000, "operatingIncome": 4970000000, "otherOperatingExpenses": null, "interestExpense": -652000000, "extraordinaryItems": null, "nonRecurring": null, "otherItems": null, "incomeTaxExpense": 1080000000, "totalRevenue": 71309000000, "totalOperatingExpenses": 66339000000, "costOfRevenue": 48401000000, "totalOtherIncomeExpenseNet": -1576000000, "discontinuedOperations": null, "netIncomeFromContinuingOps": 2314000000, "netIncomeApplicableToCommonShares": 2307000000}}, "quarterly": {"2022-07-29": {"researchDevelopment": null, "effectOfAccountingCharges": null, "incomeBeforeTax": 3965000000, "minorityInterest": null, "netIncome": 2992000000, "sellingGeneralAdministrative": 4455000000, "grossProfit": 9133000000, "ebit": 4229000000, "operatingIncome": 4229000000, "otherOperatingExpenses": null, "interestExpense": -264000000, "extraordinaryItems": null, "nonRecurring": null, "otherItems": null, "incomeTaxExpense": 973000000, "totalRevenue": 27476000000, "totalOperatingExpenses": 23247000000, "costOfRevenue": 18343000000, "totalOtherIncomeExpenseNet": -264000000, "discontinuedOperations": null, "netIncomeFromContinuingOps": 2992000000, "netIncomeApplicableToCommonShares": 2983000000}, "2022-04-29": {"researchDevelopment": null, "effectOfAccountingCharges": null, "incomeBeforeTax": 3059000000, "minorityInterest": null, "netIncome": 2333000000, "sellingGeneralAdministrative": 4303000000, "grossProfit": 8050000000, "ebit": 3302000000, "operatingIncome": 3302000000, "otherOperatingExpenses": null, "interestExpense": -245000000, "extraordinaryItems": null, "nonRecurring": null, "otherItems": null, "incomeTaxExpense": 726000000, "totalRevenue": 23659000000, "totalOperatingExpenses": 20357000000, "costOfRevenue": 15609000000, "totalOtherIncomeExpenseNet": -243000000, "discontinuedOperations": null, "netIncomeFromContinuingOps": 2333000000, "netIncomeApplicableToCommonShares": 2325000000}, "2022-01-28": {"researchDevelopment": null, "effectOfAccountingCharges": null, "incomeBeforeTax": 1614000000, "minorityInterest": null, "netIncome": 1207000000, "sellingGeneralAdministrative": 4580000000, "grossProfit": 7027000000, "ebit": 2011000000, "operatingIncome": 2011000000, "otherOperatingExpenses": null, "interestExpense": -237000000, "extraordinaryItems": null, "nonRecurring": null, "otherItems": null, "incomeTaxExpense": 407000000, "totalRevenue": 21339000000, "totalOperatingExpenses": 19328000000, "costOfRevenue": 14312000000, "totalOtherIncomeExpenseNet": -397000000, "discontinuedOperations": null, "netIncomeFromContinuingOps": 1207000000, "netIncomeApplicableToCommonShares": 1202000000}, "2021-10-29": {"researchDevelopment": null, "effectOfAccountingCharges": null, "incomeBeforeTax": 2566000000, "minorityInterest": null, "netIncome": 1896000000, "sellingGeneralAdministrative": 4326000000, "grossProfit": 7587000000, "ebit": 2836000000, "operatingIncome": 2836000000, "otherOperatingExpenses": null, "interestExpense": -226000000, "extraordinaryItems": null, "nonRecurring": null, "otherItems": null, "incomeTaxExpense": 670000000, "totalRevenue": 22918000000, "totalOperatingExpenses": 20082000000, "costOfRevenue": 15331000000, "totalOtherIncomeExpenseNet": -270000000, "discontinuedOperations": null, "netIncomeFromContinuingOps": 1896000000, "netIncomeApplicableToCommonShares": 1889000000}}}, "cash": {"annual": {"2022-01-28": {"investments": 228000000, "changeToLiabilities": 879000000, "totalCashflowsFromInvestingActivities": -1646000000, "netBorrowings": 2854000000, "totalCashFromFinancingActivities": -12016000000, "changeToOperatingActivities": -593000000, "issuanceOfStock": 132000000, "netIncome": 8442000000, "changeInCash": -3557000000, "repurchaseOfStock": -13012000000, "effectOfExchangeRate": -8000000, "totalCashFromOperatingActivities": 10113000000, "depreciation": 1882000000, "otherCashflowsFromInvestingActivities": -134000000, "dividendsPaid": -1984000000, "changeToInventory": -1413000000, "otherCashflowsFromFinancingActivities": -6000000, "changeToNetincome": 916000000, "capitalExpenditures": -1853000000}, "2021-01-29": {"investments": -168000000, "changeToLiabilities": 3723000000, "totalCashflowsFromInvestingActivities": -1894000000, "netBorrowings": 1370000000, "totalCashFromFinancingActivities": -5191000000, "changeToOperatingActivities": 1139000000, "issuanceOfStock": 152000000, "netIncome": 5835000000, "changeInCash": 3974000000, "repurchaseOfStock": -4971000000, "effectOfExchangeRate": 10000000, "totalCashFromOperatingActivities": 11049000000, "depreciation": 1593000000, "otherCashflowsFromInvestingActivities": -25000000, "dividendsPaid": -1704000000, "changeToInventory": -2967000000, "otherCashflowsFromFinancingActivities": -38000000, "changeToNetincome": 1726000000, "capitalExpenditures": -1791000000}, "2020-01-31": {"investments": -48000000, "changeToLiabilities": -652000000, "totalCashflowsFromInvestingActivities": -1369000000, "netBorrowings": 3079000000, "totalCashFromFinancingActivities": -2735000000, "changeToOperatingActivities": -1003000000, "issuanceOfStock": 118000000, "netIncome": 4281000000, "changeInCash": 205000000, "repurchaseOfStock": -4313000000, "effectOfExchangeRate": 1000000, "totalCashFromOperatingActivities": 4296000000, "depreciation": 1387000000, "otherCashflowsFromInvestingActivities": -25000000, "dividendsPaid": -1618000000, "changeToInventory": -600000000, "otherCashflowsFromFinancingActivities": -1000000, "changeToNetincome": 883000000, "capitalExpenditures": -1484000000}, "2019-02-01": {"investments": 20000000, "changeToLiabilities": 1743000000, "totalCashflowsFromInvestingActivities": -1080000000, "netBorrowings": -741000000, "totalCashFromFinancingActivities": -5124000000, "changeToOperatingActivities": 313000000, "issuanceOfStock": 114000000, "netIncome": 2314000000, "changeInCash": -77000000, "repurchaseOfStock": -3037000000, "effectOfExchangeRate": -12000000, "totalCashFromOperatingActivities": 6193000000, "depreciation": 1607000000, "otherCashflowsFromInvestingActivities": -2000000, "dividendsPaid": -1455000000, "changeToInventory": -1289000000, "otherCashflowsFromFinancingActivities": -5000000, "changeToNetincome": 1505000000, "capitalExpenditures": -1174000000}}, "quarterly": {"2022-07-29": {"investments": -63000000, "changeToLiabilities": -1294000000, "totalCashflowsFromInvestingActivities": -399000000, "netBorrowings": -26000000, "totalCashFromFinancingActivities": -4568000000, "changeToOperatingActivities": -252000000, "issuanceOfStock": 71000000, "netIncome": 2992000000, "changeInCash": -1932000000, "repurchaseOfStock": -4091000000, "totalCashFromOperatingActivities": 3035000000, "depreciation": 504000000, "otherCashflowsFromInvestingActivities": -1000000, "dividendsPaid": -524000000, "changeToInventory": 918000000, "otherCashflowsFromFinancingActivities": 2000000, "changeToNetincome": 167000000, "capitalExpenditures": -344000000}, "2022-04-29": {"investments": 23000000, "changeToLiabilities": 2670000000, "totalCashflowsFromInvestingActivities": -310000000, "netBorrowings": 4191000000, "totalCashFromFinancingActivities": -386000000, "changeToOperatingActivities": -131000000, "issuanceOfStock": 1000000, "netIncome": 2333000000, "changeInCash": 2281000000, "repurchaseOfStock": -4037000000, "totalCashFromOperatingActivities": 2977000000, "depreciation": 503000000, "otherCashflowsFromInvestingActivities": -1000000, "dividendsPaid": -537000000, "changeToInventory": -2646000000, "otherCashflowsFromFinancingActivities": -4000000, "changeToNetincome": 248000000, "capitalExpenditures": -343000000}, "2022-01-28": {"investments": 292000000, "changeToLiabilities": -1000000, "totalCashflowsFromInvestingActivities": -286000000, "netBorrowings": -1523000000, "totalCashFromFinancingActivities": -5625000000, "changeToOperatingActivities": -42000000, "issuanceOfStock": 60000000, "netIncome": 1207000000, "changeInCash": -4988000000, "repurchaseOfStock": -4013000000, "effectOfExchangeRate": -11000000, "totalCashFromOperatingActivities": 934000000, "depreciation": 494000000, "otherCashflowsFromInvestingActivities": -1000000, "dividendsPaid": -551000000, "changeToInventory": -967000000, "otherCashflowsFromFinancingActivities": 402000000, "changeToNetincome": 243000000, "capitalExpenditures": -597000000}, "2021-10-29": {"investments": 879000000, "changeToLiabilities": -746000000, "totalCashflowsFromInvestingActivities": 485000000, "netBorrowings": 1957000000, "totalCashFromFinancingActivities": -1464000000, "changeToOperatingActivities": -209000000, "issuanceOfStock": 9000000, "netIncome": 1896000000, "changeInCash": 1286000000, "repurchaseOfStock": -2825000000, "effectOfExchangeRate": -1000000, "totalCashFromOperatingActivities": 2266000000, "depreciation": 481000000, "otherCashflowsFromInvestingActivities": -1000000, "dividendsPaid": -563000000, "changeToInventory": 650000000, "otherCashflowsFromFinancingActivities": -42000000, "changeToNetincome": 195000000, "capitalExpenditures": -410000000}}}}, "SHW": {"balance": {"annual": {"2021-12-31": {"intangibleAssets": 4001500000, "totalLiab": 18229500000, "totalStockholderEquity": 2437200000, "otherCurrentLiab": 563000000, "totalAssets": 20666700000, "commonStock": 90800000, "otherCurrentAssets": 547500000, "retainedEarnings": 2121700000, "otherLiab": 2448400000, "goodWill": 7134600000, "treasuryStock": 224700000, "otherAssets": 433200000, "cash": 165700000, "totalCurrentLiabilities": 5719500000, "shortLongTermDebt": 260600000, "otherStockholderEquity": 3094600000, "propertyPlantEquipment": 3687900000, "totalCurrentAssets": 5053700000, "longTermInvestments": 355800000, "netTangibleAssets": -8698900000, "netReceivables": 2413300000, "longTermDebt": 8590900000, "inventory": 1927200000, "accountsPayable": 2403000000}, "2020-12-31": {"intangibleAssets": 4471200000, "totalLiab": 16790800000, "totalStockholderEquity": 3610800000, "otherCurrentLiab": 681700000, "totalAssets": 20401600000, "commonStock": 89900000, "otherCurrentAssets": 430600000, "retainedEarnings": 844300000, "otherLiab": 2495400000, "goodWill": 7049100000, "treasuryStock": 2676600000, "otherAssets": 496100000, "cash": 226600000, "totalCurrentLiabilities": 4594400000, "shortLongTermDebt": 25100000, "otherStockholderEquity": 2773100000, "propertyPlantEquipment": 3595600000, "totalCurrentAssets": 4591400000, "longTermInvestments": 198200000, "netTangibleAssets": -7909500000, "netReceivables": 2130100000, "longTermDebt": 8266900000, "inventory": 1804100000, "accountsPayable": 2117800000}, "2019-12-31": {"intangibleAssets": 4734500000, "totalLiab": 16372900000, "totalStockholderEquity": 4123300000, "otherCurrentLiab": 230600000, "totalAssets": 20496200000, "commonStock": 119400000, "otherCurrentAssets": 491400000, "retainedEarnings": 7366900000, "otherLiab": 2429600000, "goodWill": 7004800000, "treasuryStock": -3363000000, "otherAssets": 428200000, "cash": 161800000, "totalCurrentLiabilities": 4521900000, "shortLongTermDebt": 429800000, "otherStockholderEquity": 2473500000, "propertyPlantEquipment": 3520800000, "totalCurrentAssets": 4631700000, "longTermInvestments": 176200000, "netTangibleAssets": -7616000000, "netReceivables": 2088900000, "longTermDebt": 8050700000, "inventory": 1889600000, "accountsPayable": 1876300000}, "2018-12-31": {"intangibleAssets": 5201600000, "totalLiab": 15403600000, "totalStockholderEquity": 3730700000, "otherCurrentLiab": 325200000, "totalAssets": 19134300000, "commonStock": 118400000, "otherCurrentAssets": 354900000, "retainedEarnings": 6246500000, "otherLiab": 2397800000, "goodWill": 6956700000, "treasuryStock": -2634200000, "otherAssets": 673500000, "cash": 155500000, "totalCurrentLiabilities": 4297700000, "shortLongTermDebt": 307200000, "otherStockholderEquity": 2266500000, "propertyPlantEquipment": 1776800000, "totalCurrentAssets": 4344500000, "longTermInvestments": 181200000, "netTangibleAssets": -8427600000, "netReceivables": 2018800000, "longTermDebt": 8708100000, "inventory": 1815300000, "accountsPayable": 1799400000}}, "quarterly": {"2022-06-30": {"intangibleAssets": 3955100000, "totalLiab": 19828200000, "totalStockholderEquity": 2224600000, "otherCurrentLiab": 532600000, "totalAssets": 22052800000, "commonStock": 91000000, "otherCurrentAssets": 487700000, "retainedEarnings": 2763300000, "otherLiab": 2553300000, "goodWill": 7106100000, "treasuryStock": -629700000, "otherAssets": 399700000, "cash": 312600000, "totalCurrentLiabilities": 7198200000, "shortLongTermDebt": 600000, "otherStockholderEquity": 2965700000, "propertyPlantEquipment": 3804300000, "totalCurrentAssets": 6259500000, "longTermInvestments": 528100000, "netTangibleAssets": -8836600000, "netReceivables": 3047600000, "longTermDebt": 8593600000, "inventory": 2411600000, "accountsPayable": 2992900000}, "2022-03-31": {"intangibleAssets": 4004000000, "totalLiab": 19496100000, "totalStockholderEquity": 2234300000, "otherCurrentLiab": 484900000, "totalAssets": 21730400000, "commonStock": 91000000, "otherCurrentAssets": 504800000, "retainedEarnings": 2341500000, "otherLiab": 2469500000, "goodWill": 7058800000, "treasuryStock": -198200000, "otherAssets": 415800000, "cash": 401100000, "totalCurrentLiabilities": 6953100000, "shortLongTermDebt": 260700000, "otherStockholderEquity": 3100700000, "propertyPlantEquipment": 3745200000, "totalCurrentAssets": 6086400000, "longTermInvestments": 420200000, "netTangibleAssets": -8828500000, "netReceivables": 2851900000, "longTermDebt": 8592300000, "inventory": 2328600000, "accountsPayable": 2860800000}, "2021-12-31": {"intangibleAssets": 4001500000, "totalLiab": 18229500000, "totalStockholderEquity": 2437200000, "otherCurrentLiab": 563000000, "totalAssets": 20666700000, "commonStock": 90800000, "otherCurrentAssets": 547500000, "retainedEarnings": 2121700000, "otherLiab": 2448400000, "goodWill": 7134600000, "treasuryStock": 224700000, "otherAssets": 433200000, "cash": 165700000, "totalCurrentLiabilities": 5719500000, "shortLongTermDebt": 260600000, "otherStockholderEquity": 3094600000, "propertyPlantEquipment": 3687900000, "totalCurrentAssets": 5053700000, "longTermInvestments": 355800000, "netTangibleAssets": -8698900000, "netReceivables": 2413300000, "longTermDebt": 8590900000, "inventory": 1927200000, "accountsPayable": 2403000000}, "2021-09-30": {"intangibleAssets": 4068800000, "totalLiab": 18046300000, "totalStockholderEquity": 2690300000, "otherCurrentLiab": 312300000, "totalAssets": 20736600000, "commonStock": 90500000, "otherCurrentAssets": 651100000, "retainedEarnings": 1961800000, "otherLiab": 2529000000, "goodWill": 6996300000, "treasuryStock": 638000000, "otherAssets": 378400000, "cash": 313300000, "totalCurrentLiabilities": 6478500000, "shortLongTermDebt": 662100000, "otherStockholderEquity": 2901400000, "propertyPlantEquipment": 3601600000, "totalCurrentAssets": 5378400000, "longTermInvestments": 313100000, "netTangibleAssets": -8374800000, "netReceivables": 2598000000, "longTermDebt": 7604900000, "inventory": 1816000000, "accountsPayable": 2675400000}}}, "income": {"annual": {"2021-12-31": {"researchDevelopment": null, "effectOfAccountingCharges": null, "incomeBeforeTax": 2248600000, "minorityInterest": null, "netIncome": 1864400000, "sellingGeneralAdministrative": 5576900000, "grossProfit": 8542700000, "ebit": 2660300000, "operatingIncome": 2660300000, "otherOperatingExpenses": -4000000, "interestExpense": -334700000, "extraordinaryItems": null, "nonRecurring": null, "otherItems": null, "incomeTaxExpense": 384200000, "totalRevenue": 19944600000, "totalOperatingExpenses": 17284300000, "costOfRevenue": 11401900000, "totalOtherIncomeExpenseNet": -411700000, "discontinuedOperations": null, "netIncomeFromContinuingOps": 1864400000, "netIncomeApplicableToCommonShares": 1864400000}, "2020-12-31": {"researchDevelopment": null, "effectOfAccountingCharges": null, "incomeBeforeTax": 2519200000, "minorityInterest": null, "netIncome": 2030400000, "sellingGeneralAdministrative": 5482800000, "grossProfit": 8682600000, "ebit": 2849300000, "operatingIncome": 2849300000, "otherOperatingExpenses": 37100000, "interestExpense": -340400000, "extraordinaryItems": null, "nonRecurring": null, "otherItems": null, "incomeTaxExpense": 488800000, "totalRevenue": 18361700000, "totalOperatingExpenses": 15512400000, "costOfRevenue": 9679100000, "totalOtherIncomeExpenseNet": -330100000, "discontinuedOperations": null, "netIncomeFromContinuingOps": 2030400000, "netIncomeApplicableToCommonShares": 2030400000}, "2019-12-31": {"researchDevelopment": null, "effectOfAccountingCharges": null, "incomeBeforeTax": 1981800000, "minorityInterest": null, "netIncome": 1541300000, "sellingGeneralAdministrative": 5315300000, "grossProfit": 8036100000, "ebit": 2385000000, "operatingIncome": 2385000000, "otherOperatingExpenses": 23000000, "interestExpense": -349300000, "extraordinaryItems": null, "nonRecurring": null, "otherItems": null, "incomeTaxExpense": 440500000, "totalRevenue": 17900800000, "totalOperatingExpenses": 15515800000, "costOfRevenue": 9864700000, "totalOtherIncomeExpenseNet": -403200000, "discontinuedOperations": null, "netIncomeFromContinuingOps": 1541300000, "netIncomeApplicableToCommonShares": 1541300000}, "2018-12-31": {"researchDevelopment": null, "effectOfAccountingCharges": null, "incomeBeforeTax": 1359700000, "minorityInterest": null, "netIncome": 1108700000, "sellingGeneralAdministrative": 5054700000, "grossProfit": 7418600000, "ebit": 1869500000, "operatingIncome": 1869500000, "otherOperatingExpenses": 176300000, "interestExpense": -366700000, "extraordinaryItems": null, "nonRecurring": null, "otherItems": null, "incomeTaxExpense": 251000000, "totalRevenue": 17534500000, "totalOperatingExpenses": 15665000000, "costOfRevenue": 10115900000, "totalOtherIncomeExpenseNet": -509800000, "discontinuedOperations": null, "netIncomeFromContinuingOps": 1108700000, "netIncomeApplicableToCommonShares": 1108700000}}, "quarterly": {"2022-06-30": {"researchDevelopment": null, "effectOfAccountingCharges": null, "incomeBeforeTax": 739900000, "minorityInterest": null, "netIncome": 577900000, "sellingGeneralAdministrative": 1520100000, "grossProfit": 2449000000, "ebit": 846300000, "operatingIncome": 846300000, "otherOperatingExpenses": 4100000, "interestExpense": -92900000, "extraordinaryItems": null, "nonRecurring": null, "otherItems": null, "incomeTaxExpense": 162000000, "totalRevenue": 5872300000, "totalOperatingExpenses": 5026000000, "costOfRevenue": 3423300000, "totalOtherIncomeExpenseNet": -106400000, "discontinuedOperations": null, "netIncomeFromContinuingOps": 577900000, "netIncomeApplicableToCommonShares": 577900000}, "2022-03-31": {"researchDevelopment": null, "effectOfAccountingCharges": null, "incomeBeforeTax": 461100000, "minorityInterest": null, "netIncome": 370800000, "sellingGeneralAdministrative": 1408400000, "grossProfit": 2052900000, "ebit": 565900000, "operatingIncome": 565900000, "otherOperatingExpenses": 600000, "interestExpense": -88400000, "extraordinaryItems": null, "nonRecurring": null, "otherItems": null, "incomeTaxExpense": 90300000, "totalRevenue": 4998700000, "totalOperatingExpenses": 4432800000, "costOfRevenue": 2945800000, "totalOtherIncomeExpenseNet": -104800000, "discontinuedOperations": null, "netIncomeFromContinuingOps": 370800000, "netIncomeApplicableToCommonShares": 370800000}, "2021-12-31": {"researchDevelopment": null, "effectOfAccountingCharges": null, "incomeBeforeTax": 308900000, "minorityInterest": null, "netIncome": 304000000, "sellingGeneralAdministrative": 1441200000, "grossProfit": 1879700000, "ebit": 371700000, "operatingIncome": 371700000, "otherOperatingExpenses": -9500000, "interestExpense": -84900000, "extraordinaryItems": null, "nonRecurring": null, "otherItems": null, "incomeTaxExpense": 4900000, "totalRevenue": 4762100000, "totalOperatingExpenses": 4390400000, "costOfRevenue": 2882400000, "totalOtherIncomeExpenseNet": -62800000, "discontinuedOperations": null, "netIncomeFromContinuingOps": 304000000, "netIncomeApplicableToCommonShares": 304000000}, "2021-09-30": {"researchDevelopment": null, "effectOfAccountingCharges": null, "incomeBeforeTax": 611500000, "minorityInterest": null, "netIncome": 502200000, "sellingGeneralAdministrative": 1370000000, "grossProfit": 2139600000, "ebit": 692900000, "operatingIncome": 692900000, "otherOperatingExpenses": 500000, "interestExpense": -83100000, "extraordinaryItems": null, "nonRecurring": null, "otherItems": null, "incomeTaxExpense": 109300000, "totalRevenue": 5146700000, "totalOperatingExpenses": 4453800000, "costOfRevenue": 3007100000, "totalOtherIncomeExpenseNet": -81400000, "discontinuedOperations": null, "netIncomeFromContinuingOps": 502200000, "netIncomeApplicableToCommonShares": 502200000}}}, "cash": {"annual": {"2021-12-31": {"changeToLiabilities": 346100000, "totalCashflowsFromInvestingActivities": -476400000, "netBorrowings": 1324300000, "totalCashFromFinancingActivities": -1834000000, "changeToOperatingActivities": -530300000, "issuanceOfStock": 204500000, "netIncome": 1864400000, "changeInCash": -60900000, "repurchaseOfStock": -2752300000, "effectOfExchangeRate": 4900000, "totalCashFromOperatingActivities": 2244600000, "depreciation": 572600000, "otherCashflowsFromInvestingActivities": -30800000, "dividendsPaid": -587100000, "changeToInventory": -228100000, "changeToAccountReceivables": -287800000, "otherCashflowsFromFinancingActivities": -23400000, "changeToNetincome": 572500000, "capitalExpenditures": -372000000}, "2020-12-31": {"changeToLiabilities": 227200000, "totalCashflowsFromInvestingActivities": -322400000, "netBorrowings": -420300000, "totalCashFromFinancingActivities": -3020100000, "changeToOperatingActivities": -140800000, "issuanceOfStock": 365100000, "netIncome": 2030400000, "changeInCash": 64800000, "repurchaseOfStock": -2446300000, "effectOfExchangeRate": -1300000, "totalCashFromOperatingActivities": 3408600000, "depreciation": 581400000, "otherCashflowsFromInvestingActivities": -79300000, "dividendsPaid": -488000000, "changeToInventory": 84400000, "changeToAccountReceivables": 10300000, "otherCashflowsFromFinancingActivities": -30600000, "changeToNetincome": 468700000, "capitalExpenditures": -303800000}, "2019-12-31": {"changeToLiabilities": 36200000, "totalCashflowsFromInvestingActivities": -462600000, "netBorrowings": -679400000, "totalCashFromFinancingActivities": -1846400000, "changeToOperatingActivities": -301900000, "issuanceOfStock": 154600000, "netIncome": 1541300000, "changeInCash": 6300000, "repurchaseOfStock": -778800000, "effectOfExchangeRate": -6000000, "totalCashFromOperatingActivities": 2321300000, "depreciation": 574900000, "otherCashflowsFromInvestingActivities": -63300000, "dividendsPaid": -420800000, "changeToInventory": -75500000, "changeToAccountReceivables": -73200000, "otherCashflowsFromFinancingActivities": -122000000, "changeToNetincome": 653000000, "capitalExpenditures": -328900000}, "2018-12-31": {"investments": -39000000, "changeToLiabilities": 113800000, "totalCashflowsFromInvestingActivities": -251600000, "netBorrowings": -933400000, "totalCashFromFinancingActivities": -1746700000, "changeToOperatingActivities": 94200000, "issuanceOfStock": 90700000, "netIncome": 1108700000, "changeInCash": -48700000, "repurchaseOfStock": -613300000, "effectOfExchangeRate": 5900000, "totalCashFromOperatingActivities": 1943700000, "depreciation": 596300000, "otherCashflowsFromInvestingActivities": -63300000, "dividendsPaid": -322900000, "changeToInventory": -119500000, "changeToAccountReceivables": 18400000, "otherCashflowsFromFinancingActivities": 32200000, "changeToNetincome": 96900000, "capitalExpenditures": -251000000}}, "quarterly": {"2022-06-30": {"changeToLiabilities": 0, "totalCashflowsFromInvestingActivities": -278300000, "netBorrowings": 16100000, "totalCashFromFinancingActivities": -423700000, "changeToOperatingActivities": -268900000, "issuanceOfStock": 14700000, "netIncome": 577900000, "changeInCash": -88500000, "repurchaseOfStock": -296400000, "effectOfExchangeRate": 100000, "totalCashFromOperatingActivities": 613400000, "depreciation": 143300000, "otherCashflowsFromInvestingActivities": 58500000, "dividendsPaid": -156200000, "otherCashflowsFromFinancingActivities": -1900000, "changeToNetincome": 159500000, "capitalExpenditures": -129500000}, "2022-03-31": {"changeToLiabilities": 0, "totalCashflowsFromInvestingActivities": -195600000, "netBorrowings": 972200000, "totalCashFromFinancingActivities": 415700000, "changeToOperatingActivities": -608600000, "issuanceOfStock": 33600000, "netIncome": 370800000, "changeInCash": 235400000, "repurchaseOfStock": -407100000, "effectOfExchangeRate": -11000000, "totalCashFromOperatingActivities": 26300000, "depreciation": 143500000, "otherCashflowsFromInvestingActivities": -99700000, "dividendsPaid": -150900000, "otherCashflowsFromFinancingActivities": -32100000, "changeToNetincome": 118900000, "capitalExpenditures": -106300000}, "2021-12-31": {"investments": 90600000, "changeToLiabilities": 346100000, "totalCashflowsFromInvestingActivities": -249700000, "netBorrowings": 642700000, "totalCashFromFinancingActivities": -96300000, "changeToOperatingActivities": -67100000, "issuanceOfStock": 71500000, "netIncome": 304000000, "changeInCash": -147600000, "repurchaseOfStock": -675800000, "effectOfExchangeRate": 4500000, "totalCashFromOperatingActivities": 193900000, "depreciation": 139600000, "otherCashflowsFromInvestingActivities": -30800000, "dividendsPaid": -144200000, "changeToInventory": -228100000, "changeToAccountReceivables": -287800000, "otherCashflowsFromFinancingActivities": 9500000, "changeToNetincome": 56900000, "capitalExpenditures": -123900000}, "2021-09-30": {"investments": -65500000, "changeToLiabilities": 0, "totalCashflowsFromInvestingActivities": -154200000, "netBorrowings": -78600000, "totalCashFromFinancingActivities": -612400000, "changeToOperatingActivities": 71600000, "issuanceOfStock": 53100000, "netIncome": 502200000, "changeInCash": 93700000, "repurchaseOfStock": -431000000, "effectOfExchangeRate": 10900000, "totalCashFromOperatingActivities": 849400000, "depreciation": 139600000, "otherCashflowsFromInvestingActivities": -30800000, "dividendsPaid": -145200000, "changeToInventory": -228100000, "changeToAccountReceivables": -287800000, "otherCashflowsFromFinancingActivities": -10700000, "changeToNetincome": 134300000, "capitalExpenditures": -96700000}}}}, "FAST": {"balance": {"annual": {"2021-12-31": {"capitalSurplus": 96200000, "totalLiab": 1256800000, "totalStockholderEquity": 3042200000, "totalAssets": 4299000000, "commonStock": 5800000, "otherCurrentAssets": 196600000, "retainedEarnings": 2970900000, "otherLiab": 88600000, "treasuryStock": -30700000, "otherAssets": 180900000, "cash": 236200000, "totalCurrentLiabilities": 682200000, "shortLongTermDebt": 60000000, "otherStockholderEquity": -30700000, "propertyPlantEquipment": 1261500000, "totalCurrentAssets": 2856600000, "netTangibleAssets": 3042200000, "netReceivables": 900200000, "longTermDebt": 330000000, "inventory": 1523600000, "accountsPayable": 233100000}, "2020-12-31": {"capitalSurplus": 59100000, "totalLiab": 1231500000, "totalStockholderEquity": 2733200000, "totalAssets": 3964700000, "commonStock": 5700000, "otherCurrentAssets": 147000000, "retainedEarnings": 2689600000, "otherLiab": 102300000, "treasuryStock": -21200000, "otherAssets": 191400000, "cash": 245700000, "totalCurrentLiabilities": 612700000, "shortLongTermDebt": 40000000, "otherStockholderEquity": -21200000, "propertyPlantEquipment": 1273700000, "totalCurrentAssets": 2499600000, "netTangibleAssets": 2733200000, "netReceivables": 769400000, "longTermDebt": 365000000, "inventory": 1337500000, "accountsPayable": 207000000}, "2019-12-31": {"capitalSurplus": 67200000, "totalLiab": 1134300000, "totalStockholderEquity": 2665600000, "totalAssets": 3799900000, "commonStock": 2900000, "otherCurrentAssets": 174100000, "retainedEarnings": 2633900000, "otherLiab": 99400000, "treasuryStock": -38400000, "otherAssets": 76300000, "cash": 174900000, "totalCurrentLiabilities": 544700000, "shortLongTermDebt": 3000000, "otherStockholderEquity": -38400000, "propertyPlantEquipment": 1266400000, "totalCurrentAssets": 2457200000, "netTangibleAssets": 2665600000, "netReceivables": 741800000, "longTermDebt": 342000000, "inventory": 1366400000, "accountsPayable": 192800000}, "2018-12-31": {"capitalSurplus": 3000000, "totalLiab": 1018800000, "totalStockholderEquity": 2302700000, "totalAssets": 3321500000, "commonStock": 2900000, "otherCurrentAssets": 156000000, "retainedEarnings": 2341600000, "otherLiab": 84400000, "treasuryStock": -44800000, "otherAssets": 80500000, "cash": 167200000, "totalCurrentLiabilities": 437400000, "shortLongTermDebt": 3000000, "otherStockholderEquity": -44800000, "propertyPlantEquipment": 924800000, "totalCurrentAssets": 2316200000, "netTangibleAssets": 2302700000, "netReceivables": 714300000, "longTermDebt": 497000000, "inventory": 1278700000, "accountsPayable": 193600000}}, "quarterly": {"2022-06-30": {"capitalSurplus": 55700000, "totalLiab": 1413600000, "totalStockholderEquity": 3178700000, "totalAssets": 4592300000, "commonStock": 5800000, "otherCurrentAssets": 135700000, "retainedEarnings": 3171600000, "otherLiab": 89100000, "treasuryStock": -54400000, "otherAssets": 176100000, "cash": 247900000, "totalCurrentLiabilities": 849000000, "shortLongTermDebt": 195000000, "otherStockholderEquity": -54400000, "propertyPlantEquipment": 1263500000, "totalCurrentAssets": 3152700000, "netTangibleAssets": 3178700000, "netReceivables": 1103900000, "longTermDebt": 310000000, "inventory": 1665200000, "accountsPayable": 291800000}, "2022-03-31": {"capitalSurplus": 101600000, "totalLiab": 1324700000, "totalStockholderEquity": 3142000000, "otherCurrentLiab": 61100000, "totalAssets": 4466700000, "commonStock": 5800000, "otherCurrentAssets": 127400000, "retainedEarnings": 3063000000, "otherLiab": 89600000, "treasuryStock": -28400000, "otherAssets": 178300000, "cash": 234200000, "totalCurrentLiabilities": 745500000, "shortLongTermDebt": 35000000, "otherStockholderEquity": -28400000, "propertyPlantEquipment": 1254400000, "totalCurrentAssets": 3034000000, "netTangibleAssets": 3142000000, "netReceivables": 1071600000, "longTermDebt": 330000000, "inventory": 1600800000, "accountsPayable": 289900000}, "2021-12-31": {"capitalSurplus": 96200000, "totalLiab": 1256800000, "totalStockholderEquity": 3042200000, "totalAssets": 4299000000, "commonStock": 5800000, "otherCurrentAssets": 196600000, "retainedEarnings": 2970900000, "otherLiab": 88600000, "treasuryStock": -30700000, "otherAssets": 180900000, "cash": 236200000, "totalCurrentLiabilities": 682200000, "shortLongTermDebt": 60000000, "otherStockholderEquity": -30700000, "propertyPlantEquipment": 1261500000, "totalCurrentAssets": 2856600000, "netTangibleAssets": 3042200000, "netReceivables": 900200000, "longTermDebt": 330000000, "inventory": 1523600000, "accountsPayable": 233100000}, "2021-09-30": {"capitalSurplus": 90600000, "totalLiab": 1257800000, "totalStockholderEquity": 2964700000, "totalAssets": 4222500000, "commonStock": 2900000, "otherCurrentAssets": 169300000, "retainedEarnings": 2900800000, "otherLiab": 104600000, "treasuryStock": -29600000, "otherAssets": 183300000, "cash": 250500000, "totalCurrentLiabilities": 662500000, "shortLongTermDebt": 35000000, "otherStockholderEquity": -29600000, "propertyPlantEquipment": 1268900000, "totalCurrentAssets": 2770300000, "netTangibleAssets": 2964700000, "netReceivables": 949400000, "longTermDebt": 330000000, "inventory": 1401100000, "accountsPayable": 256900000}}}, "income": {"annual": {"2021-12-31": {"researchDevelopment": null, "effectOfAccountingCharges": null, "incomeBeforeTax": 1207800000, "minorityInterest": null, "netIncome": 925000000, "sellingGeneralAdministrative": 1559800000, "grossProfit": 2777200000, "ebit": 1217400000, "operatingIncome": 1217400000, "otherOperatingExpenses": null, "interestExpense": -9700000, "extraordinaryItems": null, "nonRecurring": null, "otherItems": null, "incomeTaxExpense": 282800000, "totalRevenue": 6010900000, "totalOperatingExpenses": 4793500000, "costOfRevenue": 3233700000, "totalOtherIncomeExpenseNet": -9600000, "discontinuedOperations": null, "netIncomeFromContinuingOps": 925000000, "netIncomeApplicableToCommonShares": 925000000}, "2020-12-31": {"researchDevelopment": null, "effectOfAccountingCharges": null, "incomeBeforeTax": 1132700000, "minorityInterest": null, "netIncome": 859100000, "sellingGeneralAdministrative": 1426000000, "grossProfit": 2567800000, "ebit": 1141800000, "operatingIncome": 1141800000, "otherOperatingExpenses": null, "interestExpense": -9700000, "extraordinaryItems": null, "nonRecurring": null, "otherItems": null, "incomeTaxExpense": 273600000, "totalRevenue": 5647300000, "totalOperatingExpenses": 4505500000, "costOfRevenue": 3079500000, "totalOtherIncomeExpenseNet": -9100000, "discontinuedOperations": null, "netIncomeFromContinuingOps": 859100000, "netIncomeApplicableToCommonShares": 859100000}, "2019-12-31": {"researchDevelopment": null, "effectOfAccountingCharges": null, "incomeBeforeTax": 1043700000, "minorityInterest": null, "netIncome": 790900000, "sellingGeneralAdministrative": 1458200000, "grossProfit": 2515400000, "ebit": 1057200000, "operatingIncome": 1057200000, "otherOperatingExpenses": null, "interestExpense": -13900000, "extraordinaryItems": null, "nonRecurring": null, "otherItems": null, "incomeTaxExpense": 252800000, "totalRevenue": 5333700000, "totalOperatingExpenses": 4276500000, "costOfRevenue": 2818300000, "totalOtherIncomeExpenseNet": -13500000, "discontinuedOperations": null, "netIncomeFromContinuingOps": 790900000, "netIncomeApplicableToCommonShares": 790900000}, "2018-12-31": {"researchDevelopment": null, "effectOfAccountingCharges": null, "incomeBeforeTax": 987000000, "minorityInterest": null, "netIncome": 751900000, "sellingGeneralAdministrative": 1400200000, "grossProfit": 2398900000, "ebit": 998700000, "operatingIncome": 998700000, "otherOperatingExpenses": null, "interestExpense": -12600000, "extraordinaryItems": null, "nonRecurring": null, "otherItems": null, "incomeTaxExpense": 235100000, "totalRevenue": 4965100000, "totalOperatingExpenses": 3966400000, "costOfRevenue": 2566200000, "totalOtherIncomeExpenseNet": -11700000, "discontinuedOperations": null, "netIncomeFromContinuingOps": 751900000, "netIncomeApplicableToCommonShares": 751900000}}, "quarterly": {"2022-06-30": {"researchDevelopment": null, "effectOfAccountingCharges": null, "incomeBeforeTax": 380700000, "minorityInterest": null, "netIncome": 287100000, "sellingGeneralAdministrative": 444200000, "grossProfit": 827600000, "ebit": 383400000, "operatingIncome": 383400000, "otherOperatingExpenses": null, "interestExpense": -2800000, "extraordinaryItems": null, "nonRecurring": null, "otherItems": null, "incomeTaxExpense": 93600000, "totalRevenue": 1778600000, "totalOperatingExpenses": 1395200000, "costOfRevenue": 951000000, "totalOtherIncomeExpenseNet": -2700000, "discontinuedOperations": null, "netIncomeFromContinuingOps": 287100000, "netIncomeApplicableToCommonShares": 287100000}, "2022-03-31": {"researchDevelopment": null, "effectOfAccountingCharges": null, "incomeBeforeTax": 355700000, "minorityInterest": null, "netIncome": 269600000, "sellingGeneralAdministrative": 435300000, "grossProfit": 793300000, "ebit": 358000000, "operatingIncome": 358000000, "otherOperatingExpenses": null, "interestExpense": -2400000, "extraordinaryItems": null, "nonRecurring": null, "otherItems": null, "incomeTaxExpense": 86100000, "totalRevenue": 1704100000, "totalOperatingExpenses": 1346100000, "costOfRevenue": 910800000, "totalOtherIncomeExpenseNet": -2300000, "discontinuedOperations": null, "netIncomeFromContinuingOps": 269600000, "netIncomeApplicableToCommonShares": 269600000}, "2021-12-31": {"researchDevelopment": null, "effectOfAccountingCharges": null, "incomeBeforeTax": 298500000, "minorityInterest": null, "netIncome": 231200000, "sellingGeneralAdministrative": 412000000, "grossProfit": 712900000, "ebit": 300900000, "operatingIncome": 300900000, "otherOperatingExpenses": null, "interestExpense": -2400000, "extraordinaryItems": null, "nonRecurring": null, "otherItems": null, "incomeTaxExpense": 67300000, "totalRevenue": 1531900000, "totalOperatingExpenses": 1231000000, "costOfRevenue": 819000000, "totalOtherIncomeExpenseNet": -2400000, "discontinuedOperations": null, "netIncomeFromContinuingOps": 231200000, "netIncomeApplicableToCommonShares": 231200000}, "2021-09-30": {"researchDevelopment": null, "effectOfAccountingCharges": null, "incomeBeforeTax": 316100000, "minorityInterest": null, "netIncome": 243500000, "sellingGeneralAdministrative": 401800000, "grossProfit": 720200000, "ebit": 318400000, "operatingIncome": 318400000, "otherOperatingExpenses": null, "interestExpense": -2400000, "extraordinaryItems": null, "nonRecurring": null, "otherItems": null, "incomeTaxExpense": 72600000, "totalRevenue": 1554200000, "totalOperatingExpenses": 1235800000, "costOfRevenue": 834000000, "totalOtherIncomeExpenseNet": -2300000, "discontinuedOperations": null, "netIncomeFromContinuingOps": 243500000, "netIncomeApplicableToCommonShares": 243500000}}}, "cash": {"annual": {"2021-12-31": {"changeToLiabilities": 26100000, "totalCashflowsFromInvestingActivities": -148500000, "netBorrowings": -15000000, "totalCashFromFinancingActivities": -627100000, "changeToOperatingActivities": -18500000, "issuanceOfStock": 31600000, "netIncome": 925000000, "changeInCash": -9500000, "effectOfExchangeRate": -4000000, "totalCashFromOperatingActivities": 770100000, "depreciation": 170700000, "otherCashflowsFromInvestingActivities": -300000, "dividendsPaid": -643700000, "changeToInventory": -189500000, "changeToAccountReceivables": -135200000, "changeToNetincome": -6700000, "capitalExpenditures": -156600000}, "2020-12-31": {"changeToLiabilities": 14200000, "totalCashflowsFromInvestingActivities": -281700000, "netBorrowings": 60000000, "totalCashFromFinancingActivities": -754400000, "changeToOperatingActivities": 35100000, "issuanceOfStock": 41000000, "netIncome": 859100000, "changeInCash": 70800000, "repurchaseOfStock": -52000000, "effectOfExchangeRate": 5100000, "totalCashFromOperatingActivities": 1101800000, "depreciation": 162400000, "otherCashflowsFromInvestingActivities": 800000, "dividendsPaid": -573857143, "changeToInventory": 36000000, "changeToAccountReceivables": -29700000, "changeToNetincome": 14700000, "capitalExpenditures": -168100000}, "2019-12-31": {"changeToLiabilities": -800000, "totalCashflowsFromInvestingActivities": -239700000, "netBorrowings": -155000000, "totalCashFromFinancingActivities": -595100000, "changeToOperatingActivities": 1400000, "issuanceOfStock": 58500000, "netIncome": 790900000, "changeInCash": 7700000, "repurchaseOfStock": -52000000, "effectOfExchangeRate": -200000, "totalCashFromOperatingActivities": 842700000, "depreciation": 148700000, "otherCashflowsFromInvestingActivities": 100000, "dividendsPaid": -498600000, "changeToInventory": -84400000, "changeToAccountReceivables": -30400000, "changeToNetincome": 25000000, "capitalExpenditures": -246400000}, "2018-12-31": {"changeToLiabilities": 46100000, "totalCashflowsFromInvestingActivities": -173900000, "netBorrowings": 85000000, "totalCashFromFinancingActivities": -446500000, "changeToOperatingActivities": 20600000, "issuanceOfStock": 13400000, "netIncome": 751900000, "changeInCash": 50300000, "repurchaseOfStock": -103000000, "effectOfExchangeRate": -3500000, "totalCashFromOperatingActivities": 674200000, "depreciation": 138200000, "otherCashflowsFromInvestingActivities": -3400000, "dividendsPaid": -441900000, "changeToInventory": -193300000, "changeToAccountReceivables": -120300000, "changeToNetincome": 46500000, "capitalExpenditures": -176300000}}, "quarterly": {"2022-06-30": {"changeToLiabilities": 1900000, "totalCashflowsFromInvestingActivities": -43900000, "netBorrowings": 140000000, "totalCashFromFinancingActivities": -85900000, "changeToOperatingActivities": -1000000, "issuanceOfStock": 1900000, "netIncome": 287100000, "changeInCash": 13700000, "repurchaseOfStock": -49300000, "effectOfExchangeRate": -7700000, "totalCashFromOperatingActivities": 151200000, "depreciation": 43900000, "otherCashflowsFromInvestingActivities": -500000, "dividendsPaid": -178500000, "changeToInventory": -74200000, "changeToAccountReceivables": -39400000, "changeToNetincome": 500000, "capitalExpenditures": -47500000}, "2022-03-31": {"changeToLiabilities": 56800000, "totalCashflowsFromInvestingActivities": -33200000, "netBorrowings": -25000000, "totalCashFromFinancingActivities": -199500000, "changeToOperatingActivities": 30700000, "issuanceOfStock": 3900000, "netIncome": 269600000, "changeInCash": -2000000, "repurchaseOfStock": -49300000, "effectOfExchangeRate": 700000, "totalCashFromOperatingActivities": 230000000, "depreciation": 43900000, "otherCashflowsFromInvestingActivities": -100000, "dividendsPaid": -178400000, "changeToInventory": -76400000, "changeToAccountReceivables": -169900000, "changeToNetincome": 5700000, "capitalExpenditures": -35500000}, "2021-12-31": {"changeToLiabilities": -23800000, "totalCashflowsFromInvestingActivities": -41500000, "netBorrowings": 25000000, "totalCashFromFinancingActivities": -128900000, "changeToOperatingActivities": -3800000, "issuanceOfStock": 7200000, "netIncome": 231200000, "changeInCash": -14300000, "repurchaseOfStock": -49300000, "effectOfExchangeRate": -300000, "totalCashFromOperatingActivities": 156400000, "depreciation": 43600000, "otherCashflowsFromInvestingActivities": -300000, "dividendsPaid": -161100000, "changeToInventory": -123000000, "changeToAccountReceivables": 47000000, "changeToNetincome": -13000000, "capitalExpenditures": -41900000}, "2021-09-30": {"changeToLiabilities": 20800000, "totalCashflowsFromInvestingActivities": -45600000, "netBorrowings": -40000000, "totalCashFromFinancingActivities": -190200000, "changeToOperatingActivities": -14400000, "issuanceOfStock": 10800000, "netIncome": 243500000, "changeInCash": -71300000, "repurchaseOfStock": -49300000, "effectOfExchangeRate": -2900000, "totalCashFromOperatingActivities": 167400000, "depreciation": 42800000, "otherCashflowsFromInvestingActivities": -100000, "dividendsPaid": -161000000, "changeToInventory": -77100000, "changeToAccountReceivables": -44200000, "changeToNetincome": 4100000, "capitalExpenditures": -47400000}}}}, "TSCO": {"balance": {"annual": {"2021-12-25": {"intangibleAssets": 23101000, "capitalSurplus": 1210512000, "totalLiab": 5764802000, "totalStockholderEquity": 2002665000, "otherCurrentLiab": 24500000, "totalAssets": 7767467000, "commonStock": 1411000, "retainedEarnings": 4945243000, "otherLiab": 105848000, "goodWill": 32419000, "treasuryStock": -4154501000, "otherAssets": 57843000, "cash": 878030000, "totalCurrentLiabilities": 2064842000, "deferredLongTermAssetCharges": 2437000, "otherStockholderEquity": 1345000, "propertyPlantEquipment": 4403664000, "totalCurrentAssets": 3250440000, "netTangibleAssets": 1947145000, "netReceivables": 17100000, "longTermDebt": 986382000, "inventory": 2191192000, "accountsPayable": 1155630000}, "2020-12-26": {"intangibleAssets": 23101000, "capitalSurplus": 1095500000, "totalLiab": 5125276000, "totalStockholderEquity": 1923840000, "otherCurrentLiab": 19938000, "totalAssets": 7049116000, "commonStock": 1401000, "retainedEarnings": 4187135000, "otherLiab": 143154000, "goodWill": 32419000, "treasuryStock": -3360196000, "otherAssets": 62070000, "cash": 1341756000, "totalCurrentLiabilities": 1743798000, "deferredLongTermAssetCharges": 31586000, "otherStockholderEquity": -3243000, "propertyPlantEquipment": 3672841000, "totalCurrentAssets": 3258685000, "netTangibleAssets": 1868320000, "longTermDebt": 984324000, "inventory": 1783270000, "accountsPayable": 976096000}, "2019-12-28": {"intangibleAssets": 31300000, "capitalSurplus": 966698000, "totalLiab": 3722145000, "totalStockholderEquity": 1567123000, "otherCurrentLiab": 5984000, "totalAssets": 5289268000, "commonStock": 1389000, "retainedEarnings": 3612833000, "otherLiab": 76222000, "goodWill": 93192000, "treasuryStock": -3013797000, "otherAssets": 24040000, "cash": 84241000, "totalCurrentLiabilities": 1247600000, "shortLongTermDebt": 30090000, "otherStockholderEquity": 199000, "propertyPlantEquipment": 3352758000, "totalCurrentAssets": 1787887000, "longTermInvestments": 91000, "netTangibleAssets": 1442631000, "longTermDebt": 366772000, "inventory": 1602781000, "accountsPayable": 643036000}, "2018-12-29": {"intangibleAssets": 31300000, "capitalSurplus": 823413000, "totalLiab": 1523442000, "totalStockholderEquity": 1561820000, "otherCurrentLiab": 1768000, "totalAssets": 3085262000, "commonStock": 1375000, "retainedEarnings": 3213895000, "otherLiab": 174965000, "goodWill": 93192000, "treasuryStock": -2476863000, "otherAssets": 28685000, "cash": 86299000, "totalCurrentLiabilities": 938107000, "deferredLongTermAssetCharges": 6607000, "shortLongTermDebt": 26250000, "otherStockholderEquity": 3814000, "propertyPlantEquipment": 1134464000, "totalCurrentAssets": 1794399000, "longTermInvestments": 3222000, "netTangibleAssets": 1437328000, "netReceivables": 4111000, "longTermDebt": 381100000, "inventory": 1589542000, "accountsPayable": 619981000}}, "quarterly": {"2022-06-25": {"intangibleAssets": 55520000, "capitalSurplus": 1220682000, "totalLiab": 5955327000, "totalStockholderEquity": 1913867000, "otherCurrentLiab": 80959000, "totalAssets": 7869194000, "commonStock": 1414000, "retainedEarnings": 5322859000, "otherLiab": 146746000, "treasuryStock": -4631088000, "otherAssets": 78574000, "cash": 530822000, "totalCurrentLiabilities": 2242178000, "otherStockholderEquity": 9148000, "propertyPlantEquipment": 4504704000, "totalCurrentAssets": 3230396000, "netTangibleAssets": 1858347000, "longTermDebt": 987411000, "inventory": 2485138000, "accountsPayable": 1280518000}, "2022-03-26": {"intangibleAssets": 55520000, "capitalSurplus": 1204294000, "totalLiab": 5896786000, "totalStockholderEquity": 1790022000, "totalAssets": 7686808000, "commonStock": 1413000, "retainedEarnings": 5029003000, "otherLiab": 143972000, "treasuryStock": -4444688000, "otherAssets": 63168000, "cash": 405432000, "totalCurrentLiabilities": 2199664000, "otherStockholderEquity": 7338000, "propertyPlantEquipment": 4399845000, "totalCurrentAssets": 3168275000, "netTangibleAssets": 1734502000, "netReceivables": 9030000, "longTermDebt": 986896000, "inventory": 2568179000, "accountsPayable": 1341645000}, "2021-12-25": {"intangibleAssets": 23101000, "capitalSurplus": 1210512000, "totalLiab": 5764802000, "totalStockholderEquity": 2002665000, "otherCurrentLiab": 24500000, "totalAssets": 7767467000, "commonStock": 1411000, "retainedEarnings": 4945243000, "otherLiab": 105848000, "goodWill": 32419000, "treasuryStock": -4154501000, "otherAssets": 57843000, "cash": 878030000, "totalCurrentLiabilities": 2064842000, "deferredLongTermAssetCharges": 2437000, "otherStockholderEquity": 1345000, "propertyPlantEquipment": 4403664000, "totalCurrentAssets": 3250440000, "netTangibleAssets": 1947145000, "netReceivables": 17100000, "longTermDebt": 986382000, "inventory": 2191192000, "accountsPayable": 1155630000}, "2021-09-25": {"intangibleAssets": 55520000, "capitalSurplus": 1191785000, "totalLiab": 5724441000, "totalStockholderEquity": 2020753000, "otherCurrentLiab": 762000, "totalAssets": 7745194000, "commonStock": 1410000, "retainedEarnings": 4783076000, "otherLiab": 125651000, "treasuryStock": -3955518000, "otherAssets": 54134000, "cash": 1111711000, "totalCurrentLiabilities": 2046007000, "deferredLongTermAssetCharges": 16590000, "shortLongTermDebt": 1260000, "otherStockholderEquity": -592000, "propertyPlantEquipment": 4167214000, "totalCurrentAssets": 3467861000, "longTermInvestments": 465000, "netTangibleAssets": 1965233000, "netReceivables": 6827000, "longTermDebt": 985867000, "inventory": 2199773000, "accountsPayable": 1197813000}}}, "income": {"annual": {"2021-12-25": {"researchDevelopment": null, "effectOfAccountingCharges": null, "incomeBeforeTax": 1280088000, "minorityInterest": null, "netIncome": 997114000, "sellingGeneralAdministrative": 2836997000, "grossProfit": 4477153000, "ebit": 1369998000, "operatingIncome": 1369998000, "otherOperatingExpenses": null, "interestExpense": -26610000, "extraordinaryItems": null, "nonRecurring": null, "otherItems": null, "incomeTaxExpense": 282974000, "totalRevenue": 12731105000, "totalOperatingExpenses": 11361107000, "costOfRevenue": 8253952000, "totalOtherIncomeExpenseNet": -89910000, "discontinuedOperations": null, "netIncomeFromContinuingOps": 997114000, "netIncomeApplicableToCommonShares": 997114000}, "2020-12-26": {"researchDevelopment": null, "effectOfAccountingCharges": null, "incomeBeforeTax": 968147000, "minorityInterest": null, "netIncome": 748958000, "sellingGeneralAdministrative": 2356346000, "grossProfit": 3761549000, "ebit": 1188079000, "operatingIncome": 1188079000, "otherOperatingExpenses": null, "interestExpense": -28781000, "extraordinaryItems": null, "nonRecurring": null, "otherItems": null, "incomeTaxExpense": 219189000, "totalRevenue": 10620352000, "totalOperatingExpenses": 9432273000, "costOfRevenue": 6858803000, "totalOtherIncomeExpenseNet": -219932000, "discontinuedOperations": null, "netIncomeFromContinuingOps": 748958000, "netIncomeApplicableToCommonShares": 748958000}, "2019-12-28": {"researchDevelopment": null, "effectOfAccountingCharges": null, "incomeBeforeTax": 723377000, "minorityInterest": null, "netIncome": 562354000, "sellingGeneralAdministrative": 1932572000, "grossProfit": 2871770000, "ebit": 743220000, "operatingIncome": 743220000, "otherOperatingExpenses": null, "interestExpense": -19843000, "extraordinaryItems": null, "nonRecurring": null, "otherItems": null, "incomeTaxExpense": 161023000, "totalRevenue": 8351931000, "totalOperatingExpenses": 7608711000, "costOfRevenue": 5480161000, "totalOtherIncomeExpenseNet": -19843000, "discontinuedOperations": null, "netIncomeFromContinuingOps": 562354000, "netIncomeApplicableToCommonShares": 562354000}, "2018-12-29": {"researchDevelopment": null, "effectOfAccountingCharges": null, "incomeBeforeTax": 683385000, "minorityInterest": null, "netIncome": 532357000, "sellingGeneralAdministrative": 1823440000, "grossProfit": 2702528000, "ebit": 701737000, "operatingIncome": 701737000, "otherOperatingExpenses": null, "interestExpense": -18352000, "extraordinaryItems": null, "nonRecurring": null, "otherItems": null, "incomeTaxExpense": 151028000, "totalRevenue": 7911046000, "totalOperatingExpenses": 7209309000, "costOfRevenue": 5208518000, "totalOtherIncomeExpenseNet": -18352000, "discontinuedOperations": null, "netIncomeFromContinuingOps": 532357000, "netIncomeApplicableToCommonShares": 532357000}}, "quarterly": {"2022-06-25": {"researchDevelopment": null, "effectOfAccountingCharges": null, "incomeBeforeTax": 517938000, "minorityInterest": null, "netIncome": 396478000, "sellingGeneralAdministrative": 777860000, "grossProfit": 1386255000, "ebit": 525035000, "operatingIncome": 525035000, "otherOperatingExpenses": null, "interestExpense": -7097000, "extraordinaryItems": null, "nonRecurring": null, "otherItems": null, "incomeTaxExpense": 121460000, "totalRevenue": 3903406000, "totalOperatingExpenses": 3378371000, "costOfRevenue": 2517151000, "totalOtherIncomeExpenseNet": -7097000, "discontinuedOperations": null, "netIncomeFromContinuingOps": 396478000, "netIncomeApplicableToCommonShares": 396478000}, "2022-03-26": {"researchDevelopment": null, "effectOfAccountingCharges": null, "incomeBeforeTax": 237217000, "minorityInterest": null, "netIncome": 187227000, "sellingGeneralAdministrative": 734577000, "grossProfit": 1056509000, "ebit": 244286000, "operatingIncome": 244286000, "otherOperatingExpenses": null, "interestExpense": -7069000, "extraordinaryItems": null, "nonRecurring": null, "otherItems": null, "incomeTaxExpense": 49990000, "totalRevenue": 3024132000, "totalOperatingExpenses": 2779846000, "costOfRevenue": 1967623000, "totalOtherIncomeExpenseNet": -7069000, "discontinuedOperations": null, "netIncomeFromContinuingOps": 187227000, "netIncomeApplicableToCommonShares": 187227000}, "2021-12-25": {"researchDevelopment": null, "effectOfAccountingCharges": null, "incomeBeforeTax": 286512000, "minorityInterest": null, "netIncome": 221338000, "sellingGeneralAdministrative": 741397000, "grossProfit": 1120578000, "ebit": 303754000, "operatingIncome": 303754000, "otherOperatingExpenses": null, "interestExpense": -6542000, "extraordinaryItems": null, "nonRecurring": null, "otherItems": null, "incomeTaxExpense": 65174000, "totalRevenue": 3319284000, "totalOperatingExpenses": 3015530000, "costOfRevenue": 2198706000, "totalOtherIncomeExpenseNet": -17242000, "discontinuedOperations": null, "netIncomeFromContinuingOps": 221338000, "netIncomeApplicableToCommonShares": 221338000}, "2021-09-25": {"researchDevelopment": null, "effectOfAccountingCharges": null, "incomeBeforeTax": 291079000, "minorityInterest": null, "netIncome": 224400000, "sellingGeneralAdministrative": 706761000, "grossProfit": 1085310000, "ebit": 308725000, "operatingIncome": 308725000, "otherOperatingExpenses": null, "interestExpense": -6146000, "extraordinaryItems": null, "nonRecurring": null, "otherItems": null, "incomeTaxExpense": 66679000, "totalRevenue": 3017926000, "totalOperatingExpenses": 2709201000, "costOfRevenue": 1932616000, "totalOtherIncomeExpenseNet": -17646000, "discontinuedOperations": null, "netIncomeFromContinuingOps": 224400000, "netIncomeApplicableToCommonShares": 224400000}}}, "cash": {"annual": {"2021-12-25": {"changeToLiabilities": 179534000, "totalCashflowsFromInvestingActivities": -627340000, "netBorrowings": -4580000, "totalCashFromFinancingActivities": -975106000, "changeToOperatingActivities": 56031000, "issuanceOfStock": 82249000, "netIncome": 997114000, "changeInCash": -463726000, "repurchaseOfStock": -813769000, "totalCashFromOperatingActivities": 1138720000, "depreciation": 270158000, "dividendsPaid": -239006000, "changeToInventory": -407922000, "changeToNetincome": 80843000, "capitalExpenditures": -628431000}, "2020-12-26": {"changeToLiabilities": 333060000, "totalCashflowsFromInvestingActivities": -292210000, "netBorrowings": 598330000, "totalCashFromFinancingActivities": 155210000, "changeToOperatingActivities": 183480000, "issuanceOfStock": 99340000, "netIncome": 748958000, "changeInCash": 1257515000, "repurchaseOfStock": -350756000, "totalCashFromOperatingActivities": 1394515000, "depreciation": 217124000, "dividendsPaid": -174656000, "changeToInventory": -180489000, "otherCashflowsFromFinancingActivities": -17048000, "changeToNetincome": 78428000, "capitalExpenditures": -294002000}, "2019-12-28": {"changeToLiabilities": 23055000, "totalCashflowsFromInvestingActivities": -214961000, "netBorrowings": -14958000, "totalCashFromFinancingActivities": -598813000, "changeToOperatingActivities": -2358000, "issuanceOfStock": 115981000, "netIncome": 562354000, "changeInCash": -2058000, "repurchaseOfStock": -537137000, "totalCashFromOperatingActivities": 811716000, "depreciation": 195978000, "dividendsPaid": -162699000, "changeToInventory": -13239000, "otherCashflowsFromFinancingActivities": -17048000, "changeToNetincome": 37599000, "capitalExpenditures": -217450000}, "2018-12-29": {"changeToLiabilities": 43413000, "totalCashflowsFromInvestingActivities": -276314000, "netBorrowings": -21996000, "totalCashFromFinancingActivities": -440929000, "changeToOperatingActivities": 45721000, "issuanceOfStock": 79643000, "netIncome": 532357000, "changeInCash": -22849000, "repurchaseOfStock": -351143000, "totalCashFromOperatingActivities": 694394000, "depreciation": 177351000, "dividendsPaid": -147087000, "changeToInventory": -136334000, "otherCashflowsFromFinancingActivities": -346000, "changeToNetincome": 40241000, "capitalExpenditures": -278530000}}, "quarterly": {"2022-06-25": {"changeToLiabilities": -61127000, "totalCashflowsFromInvestingActivities": -152842000, "netBorrowings": -1330000, "totalCashFromFinancingActivities": -288307000, "changeToOperatingActivities": -36773000, "issuanceOfStock": 5085000, "netIncome": 396478000, "changeInCash": 125390000, "repurchaseOfStock": -189440000, "totalCashFromOperatingActivities": 566539000, "depreciation": 83360000, "dividendsPaid": -102622000, "changeToInventory": 83041000, "changeToNetincome": 11571000, "capitalExpenditures": -152921000}, "2022-03-26": {"changeToLiabilities": 186015000, "totalCashflowsFromInvestingActivities": -112288000, "netBorrowings": -1197000, "totalCashFromFinancingActivities": -419376000, "changeToOperatingActivities": -75471000, "issuanceOfStock": 7910000, "netIncome": 187227000, "changeInCash": -472598000, "repurchaseOfStock": -322622000, "totalCashFromOperatingActivities": 59066000, "depreciation": 77646000, "dividendsPaid": -103467000, "changeToInventory": -376987000, "changeToNetincome": 52566000, "capitalExpenditures": -112387000}, "2021-12-25": {"changeToLiabilities": -42183000, "totalCashflowsFromInvestingActivities": -246076000, "netBorrowings": -1213000, "totalCashFromFinancingActivities": -254488000, "changeToOperatingActivities": -12060000, "issuanceOfStock": 7056000, "netIncome": 221338000, "changeInCash": -233681000, "repurchaseOfStock": -201160000, "totalCashFromOperatingActivities": 266883000, "depreciation": 75427000, "dividendsPaid": -59171000, "changeToInventory": 8581000, "changeToNetincome": 26815000, "capitalExpenditures": -246073000}, "2021-09-25": {"changeToLiabilities": -24098000, "totalCashflowsFromInvestingActivities": -165551000, "netBorrowings": -1160000, "totalCashFromFinancingActivities": -197669000, "changeToOperatingActivities": 75628000, "issuanceOfStock": 5167000, "netIncome": 224400000, "changeInCash": -300290000, "repurchaseOfStock": -142307000, "totalCashFromOperatingActivities": 62930000, "depreciation": 69824000, "dividendsPaid": -59369000, "changeToInventory": -206949000, "changeToNetincome": 14268000, "capitalExpenditures": -166329000}}}}}