{"WMT": {"balance": {"annual": {"2022-01-31": {"intangibleAssets": 4800000000, "capitalSurplus": 4839000000, "totalLiab": 152969000000, "totalStockholderEquity": 83253000000, "minorityInterest": 8638000000, "otherCurrentLiab": 3431000000, "totalAssets": 244860000000, "commonStock": 276000000, "retainedEarnings": 86904000000, "otherLiab": 12379000000, "goodWill": 29014000000, "treasuryStock": -8766000000, "otherAssets": 4464000000, "cash": 14760000000, "totalCurrentLiabilities": 87379000000, "deferredLongTermAssetCharges": 1473000000, "shortLongTermDebt": 2803000000, "otherStockholderEquity": -8766000000, "propertyPlantEquipment": 112624000000, "totalCurrentAssets": 81070000000, "longTermInvestments": 12888000000, "netTangibleAssets": 49439000000, "netReceivables": 8280000000, "longTermDebt": 35959000000, "inventory": 56511000000, "accountsPayable": 55261000000}, "2021-01-31": {"intangibleAssets": 4900000000, "capitalSurplus": 3646000000, "totalLiab": 164965000000, "totalStockholderEquity": 80925000000, "minorityInterest": 6606000000, "otherCurrentLiab": 15286000000, "totalAssets": 252496000000, "commonStock": 282000000, "otherCurrentAssets": 19200000000, "retainedEarnings": 88763000000, "otherLiab": 13976000000, "goodWill": 28983000000, "treasuryStock": -11766000000, "otherAssets": 3799000000, "cash": 17741000000, "totalCurrentLiabilities": 92645000000, "deferredLongTermAssetCharges": 1836000000, "shortLongTermDebt": 3115000000, "otherStockholderEquity": -11766000000, "propertyPlantEquipment": 109848000000, "totalCurrentAssets": 90067000000, "longTermInvestments": 14899000000, "netTangibleAssets": 47042000000, "netReceivables": 6516000000, "longTermDebt": 41588000000, "inventory": 44949000000, "accountsPayable": 49141000000}, "2020-01-31": {"intangibleAssets": 5200000000, "capitalSurplus": 3247000000, "totalLiab": 154943000000, "totalStockholderEquity": 74669000000, "minorityInterest": 6883000000, "otherCurrentLiab": 8975000000, "totalAssets": 236495000000, "commonStock": 284000000, "retainedEarnings": 83943000000, "otherLiab": 12265000000, "goodWill": 31073000000, "treasuryStock": -12805000000, "otherAssets": 5377000000, "cash": 9465000000, "totalCurrentLiabilities": 77790000000, "deferredLongTermAssetCharges": 1914000000, "shortLongTermDebt": 5362000000, "otherStockholderEquity": -12805000000, "propertyPlantEquipment": 127049000000, "totalCurrentAssets": 61806000000, "longTermInvestments": 5990000000, "netTangibleAssets": 38396000000, "netReceivables": 6284000000, "longTermDebt": 44410000000, "inventory": 44435000000, "accountsPayable": 46973000000}, "2019-01-31": {"intangibleAssets": 5800000000, "capitalSurplus": 2965000000, "totalLiab": 139661000000, "totalStockholderEquity": 72496000000, "minorityInterest": 7138000000, "otherCurrentLiab": 2360000000, "totalAssets": 219295000000, "commonStock": 288000000, "otherCurrentAssets": 34000000, "retainedEarnings": 80785000000, "otherLiab": 11553000000, "goodWill": 31181000000, "treasuryStock": -11542000000, "otherAssets": 5027000000, "cash": 7722000000, "totalCurrentLiabilities": 77477000000, "deferredLongTermAssetCharges": 1796000000, "shortLongTermDebt": 1876000000, "otherStockholderEquity": -11542000000, "propertyPlantEquipment": 111395000000, "totalCurrentAssets": 61897000000, "longTermInvestments": 3995000000, "netTangibleAssets": 35515000000, "netReceivables": 6283000000, "longTermDebt": 43948000000, "inventory": 44269000000, "accountsPayable": 47060000000}}, "quarterly": {"2022-07-31": {"capitalSurplus": 4672000000, "totalLiab": 161352000000, "totalStockholderEquity": 77569000000, "minorityInterest": 8278000000, "otherCurrentLiab": 3917000000, "totalAssets": 247199000000, "commonStock": 272000000, "retainedEarnings": 82519000000, "otherLiab": 14092000000, "goodWill": 28664000000, "treasuryStock": -9894000000, "otherAssets": 19979000000, "cash": 13923000000, "totalCurrentLiabilities": 99899000000, "shortLongTermDebt": 5316000000, "otherStockholderEquity": -9894000000, "propertyPlantEquipment": 114392000000, "totalCurrentAssets": 84164000000, "netTangibleAssets": 48905000000, "netReceivables": 7522000000, "longTermDebt": 29801000000, "inventory": 59921000000, "accountsPayable": 54191000000}, "2022-04-30": {"capitalSurplus": 4587000000, "totalLiab": 160282000000, "totalStockholderEquity": 76896000000, "minorityInterest": 8964000000, "otherCurrentLiab": 5535000000, "totalAssets": 246142000000, "commonStock": 275000000, "retainedEarnings": 80532000000, "otherLiab": 12283000000, "goodWill": 29438000000, "treasuryStock": -8498000000, "otherAssets": 10377000000, "cash": 11817000000, "totalCurrentLiabilities": 96530000000, "shortLongTermDebt": 3580000000, "otherStockholderEquity": -8498000000, "propertyPlantEquipment": 113217000000, "totalCurrentAssets": 83220000000, "longTermInvestments": 9890000000, "netTangibleAssets": 47458000000, "netReceivables": 7674000000, "longTermDebt": 33834000000, "inventory": 61229000000, "accountsPayable": 52926000000}, "2022-01-31": {"intangibleAssets": 4800000000, "capitalSurplus": 4839000000, "totalLiab": 152969000000, "totalStockholderEquity": 83253000000, "minorityInterest": 8638000000, "otherCurrentLiab": 3431000000, "totalAssets": 244860000000, "commonStock": 276000000, "retainedEarnings": 86904000000, "otherLiab": 12379000000, "goodWill": 29014000000, "treasuryStock": -8766000000, "otherAssets": 4464000000, "cash": 14760000000, "totalCurrentLiabilities": 87379000000, "deferredLongTermAssetCharges": 1473000000, "shortLongTermDebt": 2803000000, "otherStockholderEquity": -8766000000, "propertyPlantEquipment": 112624000000, "totalCurrentAssets": 81070000000, "longTermInvestments": 12888000000, "netTangibleAssets": 49439000000, "netReceivables": 8280000000, "longTermDebt": 35959000000, "inventory": 56511000000, "accountsPayable": 55261000000}, "2021-10-31": {"capitalSurplus": 4811000000, "totalLiab": 154094000000, "totalStockholderEquity": 82274000000, "minorityInterest": 8483000000, "otherCurrentLiab": 1974000000, "totalAssets": 244851000000, "commonStock": 277000000, "retainedEarnings": 85674000000, "otherLiab": 12012000000, "goodWill": 28923000000, "treasuryStock": -8488000000, "otherAssets": 9169000000, "cash": 16111000000, "totalCurrentLiabilities": 87620000000, "shortLongTermDebt": 1575000000, "otherStockholderEquity": -8488000000, "propertyPlantEquipment": 110331000000, "totalCurrentAssets": 82964000000, "longTermInvestments": 13464000000, "netTangibleAssets": 53351000000, "netReceivables": 7349000000, "longTermDebt": 37306000000, "inventory": 57484000000, "accountsPayable": 57156000000}}}, "income": {"annual": {"2022-01-31": {"researchDevelopment": null, "effectOfAccountingCharges": null, "incomeBeforeTax": 18696000000, "minorityInterest": 8638000000, "netIncome": 13673000000, "sellingGeneralAdministrative": 117812000000, "grossProfit": 143754000000, "ebit": 25942000000, "operatingIncome": 25942000000, "otherOperatingExpenses": null, "interestExpense": -1994000000, "extraordinaryItems": null, "nonRecurring": null, "otherItems": null, "incomeTaxExpense": 4756000000, "totalRevenue": 572754000000, "totalOperatingExpenses": 546812000000, "costOfRevenue": 429000000000, "totalOtherIncomeExpenseNet": -7246000000, "discontinuedOperations": null, "netIncomeFromContinuingOps": 13940000000, "netIncomeApplicableToCommonShares": 13673000000}, "2021-01-31": {"researchDevelopment": null, "effectOfAccountingCharges": null, "incomeBeforeTax": 20564000000, "minorityInterest": 6606000000, "netIncome": 13510000000, "sellingGeneralAdministrative": 111888000000, "grossProfit": 138836000000, "ebit": 26948000000, "operatingIncome": 26948000000, "otherOperatingExpenses": null, "interestExpense": -2315000000, "extraordinaryItems": null, "nonRecurring": null, "otherItems": null, "incomeTaxExpense": 6858000000, "totalRevenue": 559151000000, "totalOperatingExpenses": 532203000000, "costOfRevenue": 420315000000, "totalOtherIncomeExpenseNet": -6384000000, "discontinuedOperations": null, "netIncomeFromContinuingOps": 13706000000, "netIncomeApplicableToCommonShares": 13510000000}, "2020-01-31": {"researchDevelopment": null, "effectOfAccountingCharges": null, "incomeBeforeTax": 20116000000, "minorityInterest": 6883000000, "netIncome": 14881000000, "sellingGeneralAdministrative": 107891000000, "grossProfit": 129359000000, "ebit": 21468000000, "operatingIncome": 21468000000, "otherOperatingExpenses": null, "interestExpense": -2599000000, "extraordinaryItems": null, "nonRecurring": null, "otherItems": null, "incomeTaxExpense": 4915000000, "totalRevenue": 523964000000, "totalOperatingExpenses": 502496000000, "costOfRevenue": 394605000000, "totalOtherIncomeExpenseNet": -1352000000, "discontinuedOperations": null, "netIncomeFromContinuingOps": 15201000000, "netIncomeApplicableToCommonShares": 14881000000}, "2019-01-31": {"researchDevelopment": null, "effectOfAccountingCharges": null, "incomeBeforeTax": 11460000000, "minorityInterest": 7138000000, "netIncome": 6670000000, "sellingGeneralAdministrative": 107147000000, "grossProfit": 129104000000, "ebit": 21957000000, "operatingIncome": 21957000000, "otherOperatingExpenses": null, "interestExpense": -2346000000, "extraordinaryItems": null, "nonRecurring": null, "otherItems": null, "incomeTaxExpense": 4281000000, "totalRevenue": 514405000000, "totalOperatingExpenses": 492448000000, "costOfRevenue": 385301000000, "totalOtherIncomeExpenseNet": -10497000000, "discontinuedOperations": null, "netIncomeFromContinuingOps": 7179000000, "netIncomeApplicableToCommonShares": 6670000000}}, "quarterly": {"2022-07-31": {"researchDevelopment": null, "effectOfAccountingCharges": null, "incomeBeforeTax": 6644000000, "minorityInterest": 8278000000, "netIncome": 5149000000, "sellingGeneralAdministrative": 30167000000, "grossProfit": 37021000000, "ebit": 6854000000, "operatingIncome": 6854000000, "otherOperatingExpenses": null, "interestExpense": -479000000, "extraordinaryItems": null, "nonRecurring": null, "otherItems": null, "incomeTaxExpense": 1497000000, "totalRevenue": 152859000000, "totalOperatingExpenses": 146005000000, "costOfRevenue": 115838000000, "totalOtherIncomeExpenseNet": -210000000, "discontinuedOperations": null, "netIncomeFromContinuingOps": 5147000000, "netIncomeApplicableToCommonShares": 5149000000}, "2022-04-30": {"researchDevelopment": null, "effectOfAccountingCharges": null, "incomeBeforeTax": 2901000000, "minorityInterest": 8964000000, "netIncome": 2054000000, "sellingGeneralAdministrative": 29404000000, "grossProfit": 34722000000, "ebit": 5318000000, "operatingIncome": 5318000000, "otherOperatingExpenses": null, "interestExpense": -455000000, "extraordinaryItems": null, "nonRecurring": null, "otherItems": null, "incomeTaxExpense": 798000000, "totalRevenue": 141569000000, "totalOperatingExpenses": 136251000000, "costOfRevenue": 106847000000, "totalOtherIncomeExpenseNet": -2417000000, "discontinuedOperations": null, "netIncomeFromContinuingOps": 2103000000, "netIncomeApplicableToCommonShares": 2054000000}, "2022-01-31": {"researchDevelopment": null, "effectOfAccountingCharges": null, "incomeBeforeTax": 4782000000, "minorityInterest": 8638000000, "netIncome": 3562000000, "sellingGeneralAdministrative": 31462000000, "grossProfit": 37349000000, "ebit": 5887000000, "operatingIncome": 5887000000, "otherOperatingExpenses": null, "interestExpense": -427000000, "extraordinaryItems": null, "nonRecurring": null, "otherItems": null, "incomeTaxExpense": 1149000000, "totalRevenue": 152871000000, "totalOperatingExpenses": 146984000000, "costOfRevenue": 115522000000, "totalOtherIncomeExpenseNet": -1105000000, "discontinuedOperations": null, "netIncomeFromContinuingOps": 3633000000, "netIncomeApplicableToCommonShares": 3562000000}, "2021-10-31": {"researchDevelopment": null, "effectOfAccountingCharges": null, "incomeBeforeTax": 4147000000, "minorityInterest": 8483000000, "netIncome": 3105000000, "sellingGeneralAdministrative": 29710000000, "grossProfit": 35502000000, "ebit": 5792000000, "operatingIncome": 5792000000, "otherOperatingExpenses": null, "interestExpense": -486000000, "extraordinaryItems": null, "nonRecurring": null, "otherItems": null, "incomeTaxExpense": 1015000000, "totalRevenue": 140525000000, "totalOperatingExpenses": 134733000000, "costOfRevenue": 105023000000, "totalOtherIncomeExpenseNet": -1645000000, "discontinuedOperations": null, "netIncomeFromContinuingOps": 3132000000, "netIncomeApplicableToCommonShares": 3105000000}}}, "cash": {"annual": {"2022-01-31": {"changeToLiabilities": 5520000000, "totalCashflowsFromInvestingActivities": -6015000000, "netBorrowings": -5872000000, "totalCashFromFinancingActivities": -22828000000, "changeToOperatingActivities": 1404000000, "netIncome": 13673000000, "changeInCash": -2954000000, "repurchaseOfStock": -9787000000, "effectOfExchangeRate": -140000000, "totalCashFromOperatingActivities": 24181000000, "depreciation": 10658000000, "otherCashflowsFromInvestingActivities": -879000000, "dividendsPaid": -6152000000, "changeToInventory": -11764000000, "changeToAccountReceivables": -1796000000, "otherCashflowsFromFinancingActivities": -1017000000, "changeToNetincome": 6447000000, "capitalExpenditures": -13106000000}, "2021-01-31": {"changeToLiabilities": 6966000000, "totalCashflowsFromInvestingActivities": -10071000000, "netBorrowings": -5706000000, "totalCashFromFinancingActivities": -16117000000, "changeToOperatingActivities": 4623000000, "netIncome": 13510000000, "changeInCash": 8273000000, "repurchaseOfStock": -2625000000, "effectOfExchangeRate": 235000000, "totalCashFromOperatingActivities": 36074000000, "depreciation": 11152000000, "otherCashflowsFromInvestingActivities": 102000000, "dividendsPaid": -6116000000, "changeToInventory": -2395000000, "changeToAccountReceivables": -1086000000, "otherCashflowsFromFinancingActivities": -1670000000, "changeToNetincome": 3440000000, "capitalExpenditures": -10264000000}, "2020-01-31": {"changeToLiabilities": -274000000, "totalCashflowsFromInvestingActivities": -9128000000, "netBorrowings": -1071000000, "totalCashFromFinancingActivities": -14299000000, "changeToOperatingActivities": 186000000, "netIncome": 14881000000, "changeInCash": 1759000000, "repurchaseOfStock": -5717000000, "effectOfExchangeRate": -69000000, "totalCashFromOperatingActivities": 25255000000, "depreciation": 10987000000, "otherCashflowsFromInvestingActivities": 479000000, "dividendsPaid": -6048000000, "changeToInventory": -300000000, "changeToAccountReceivables": 154000000, "otherCashflowsFromFinancingActivities": -1463000000, "changeToNetincome": -286000000, "capitalExpenditures": -10705000000}, "2019-01-31": {"changeToLiabilities": 1831000000, "totalCashflowsFromInvestingActivities": -24036000000, "netBorrowings": 12035000000, "totalCashFromFinancingActivities": -2537000000, "changeToOperatingActivities": 183000000, "netIncome": 6670000000, "changeInCash": 742000000, "repurchaseOfStock": -7410000000, "effectOfExchangeRate": -438000000, "totalCashFromOperatingActivities": 27753000000, "depreciation": 10678000000, "otherCashflowsFromInvestingActivities": -431000000, "dividendsPaid": -6102000000, "changeToInventory": -1311000000, "changeToAccountReceivables": -368000000, "otherCashflowsFromFinancingActivities": -1060000000, "changeToNetincome": 10110000000, "capitalExpenditures": -10344000000}}, "quarterly": {"2022-07-31": {"changeToLiabilities": 1187000000, "totalCashflowsFromInvestingActivities": -4026000000, "netBorrowings": -1278000000, "totalCashFromFinancingActivities": -6715000000, "changeToOperatingActivities": 2510000000, "netIncome": 5149000000, "changeInCash": 2108000000, "repurchaseOfStock": -3339000000, "effectOfExchangeRate": -149000000, "totalCashFromOperatingActivities": 12998000000, "depreciation": 2699000000, "otherCashflowsFromInvestingActivities": -92000000, "dividendsPaid": -1538000000, "changeToInventory": 969000000, "changeToAccountReceivables": 37000000, "otherCashflowsFromFinancingActivities": -560000000, "changeToNetincome": 480000000, "capitalExpenditures": -3953000000}, "2022-04-30": {"changeToLiabilities": -1640000000, "totalCashflowsFromInvestingActivities": -4558000000, "netBorrowings": 10069000000, "totalCashFromFinancingActivities": 5315000000, "changeToOperatingActivities": -4949000000, "netIncome": 2054000000, "changeInCash": -2952000000, "repurchaseOfStock": -2408000000, "effectOfExchangeRate": 49000000, "totalCashFromOperatingActivities": -3758000000, "depreciation": 2680000000, "otherCashflowsFromInvestingActivities": -456000000, "dividendsPaid": -1543000000, "changeToInventory": -4699000000, "changeToAccountReceivables": 837000000, "otherCashflowsFromFinancingActivities": -803000000, "changeToNetincome": 1910000000, "capitalExpenditures": -3539000000}, "2022-01-31": {"changeToLiabilities": -2386000000, "totalCashflowsFromInvestingActivities": -4485000000, "netBorrowings": -35000000, "totalCashFromFinancingActivities": -4715000000, "changeToOperatingActivities": 2126000000, "netIncome": 3562000000, "changeInCash": -1332000000, "repurchaseOfStock": -2419000000, "effectOfExchangeRate": -22000000, "totalCashFromOperatingActivities": 7890000000, "depreciation": 2706000000, "otherCashflowsFromInvestingActivities": 40000000, "dividendsPaid": -1525000000, "changeToInventory": 899000000, "changeToAccountReceivables": -954000000, "otherCashflowsFromFinancingActivities": -736000000, "changeToNetincome": 1922000000, "capitalExpenditures": -4518000000}, "2021-10-31": {"changeToLiabilities": 7787000000, "totalCashflowsFromInvestingActivities": -3932000000, "netBorrowings": -3268000000, "totalCashFromFinancingActivities": -6554000000, "changeToOperatingActivities": 690000000, "netIncome": 3105000000, "changeInCash": -6715000000, "repurchaseOfStock": -2168000000, "effectOfExchangeRate": -97000000, "totalCashFromOperatingActivities": 3868000000, "depreciation": 2650000000, "otherCashflowsFromInvestingActivities": -477000000, "dividendsPaid": -1536000000, "changeToInventory": -9938000000, "changeToAccountReceivables": -1294000000, "otherCashflowsFromFinancingActivities": 418000000, "changeToNetincome": 683000000, "capitalExpenditures": -3569000000}}}}, "COST": {"balance": {"annual": {"2021-08-29": {"capitalSurplus": 7031000000, "totalLiab": 41190000000, "totalStockholderEquity": 17564000000, "minorityInterest": 514000000, "otherCurrentLiab": 6309000000, "totalAssets": 59268000000, "commonStock": 4000000, "otherCurrentAssets": 1312000000, "retainedEarnings": 11666000000, "otherLiab": 1435000000, "goodWill": 996000000, "treasuryStock": -1137000000, "otherAssets": 1385000000, "cash": 11258000000, "totalCurrentLiabilities": 29441000000, "deferredLongTermAssetCharges": 444000000, "shortLongTermDebt": 799000000, "otherStockholderEquity": -1137000000, "propertyPlantEquipment": 27382000000, "totalCurrentAssets": 29505000000, "netTangibleAssets": 16568000000, "shortTermInvestments": 917000000, "netReceivables": 1803000000, "longTermDebt": 6692000000, "inventory": 14215000000, "accountsPayable": 16278000000}, "2020-08-30": {"capitalSurplus": 6698000000, "totalLiab": 36851000000, "totalStockholderEquity": 18284000000, "minorityInterest": 421000000, "otherCurrentLiab": 5317000000, "totalAssets": 55556000000, "commonStock": 4000000, "otherCurrentAssets": 1023000000, "retainedEarnings": 12879000000, "otherLiab": 1278000000, "goodWill": 988000000, "treasuryStock": -1297000000, "otherAssets": 1261000000, "cash": 12277000000, "totalCurrentLiabilities": 24844000000, "deferredLongTermAssetCharges": 406000000, "shortLongTermDebt": 95000000, "otherStockholderEquity": -1297000000, "propertyPlantEquipment": 25187000000, "totalCurrentAssets": 28120000000, "netTangibleAssets": 17296000000, "shortTermInvestments": 1028000000, "netReceivables": 1550000000, "longTermDebt": 7514000000, "inventory": 12242000000, "accountsPayable": 14172000000}, "2019-09-01": {"capitalSurplus": 6417000000, "totalLiab": 29816000000, "totalStockholderEquity": 15243000000, "minorityInterest": 341000000, "otherCurrentLiab": 5452000000, "totalAssets": 45400000000, "commonStock": 4000000, "otherCurrentAssets": 1111000000, "retainedEarnings": 10258000000, "otherLiab": 1085000000, "goodWill": 53000000, "treasuryStock": -1436000000, "otherAssets": 972000000, "cash": 8384000000, "totalCurrentLiabilities": 23237000000, "deferredLongTermAssetCharges": 398000000, "shortLongTermDebt": 1699000000, "otherStockholderEquity": -1436000000, "propertyPlantEquipment": 20890000000, "totalCurrentAssets": 23485000000, "netTangibleAssets": 15190000000, "shortTermInvestments": 1060000000, "netReceivables": 1535000000, "longTermDebt": 5124000000, "inventory": 11395000000, "accountsPayable": 11679000000}, "2018-09-02": {"capitalSurplus": 6107000000, "totalLiab": 27727000000, "totalStockholderEquity": 12799000000, "minorityInterest": 304000000, "otherCurrentLiab": 4548000000, "totalAssets": 40830000000, "commonStock": 4000000, "otherCurrentAssets": 321000000, "retainedEarnings": 7887000000, "otherLiab": 1314000000, "treasuryStock": -1199000000, "otherAssets": 860000000, "cash": 6055000000, "totalCurrentLiabilities": 19926000000, "deferredLongTermAssetCharges": 316000000, "shortLongTermDebt": 90000000, "otherStockholderEquity": -1199000000, "propertyPlantEquipment": 19681000000, "totalCurrentAssets": 20289000000, "netTangibleAssets": 12799000000, "shortTermInvestments": 1204000000, "netReceivables": 1669000000, "longTermDebt": 6487000000, "inventory": 11040000000, "accountsPayable": 11237000000}}, "quarterly": {"2022-05-08": {"capitalSurplus": 7272000000, "totalLiab": 43339000000, "totalStockholderEquity": 19968000000, "minorityInterest": 545000000, "otherCurrentLiab": 8199000000, "totalAssets": 63852000000, "commonStock": 4000000, "otherCurrentAssets": 1563000000, "retainedEarnings": 14294000000, "otherLiab": 2535000000, "treasuryStock": -1602000000, "otherAssets": 3970000000, "cash": 11193000000, "totalCurrentLiabilities": 31845000000, "shortLongTermDebt": 77000000, "otherStockholderEquity": -1602000000, "propertyPlantEquipment": 26874000000, "totalCurrentAssets": 33008000000, "netTangibleAssets": 19968000000, "shortTermInvestments": 638000000, "netReceivables": 1991000000, "longTermDebt": 6507000000, "inventory": 17623000000, "accountsPayable": 17651000000}, "2022-02-13": {"capitalSurplus": 7186000000, "totalLiab": 43102000000, "totalStockholderEquity": 19418000000, "minorityInterest": 558000000, "otherCurrentLiab": 8311000000, "totalAssets": 63078000000, "commonStock": 4000000, "otherCurrentAssets": 1552000000, "retainedEarnings": 13474000000, "otherLiab": 2311000000, "treasuryStock": -1246000000, "otherAssets": 3621000000, "cash": 11819000000, "totalCurrentLiabilities": 31545000000, "otherStockholderEquity": -1246000000, "propertyPlantEquipment": 26892000000, "totalCurrentAssets": 32565000000, "netTangibleAssets": 19418000000, "shortTermInvestments": 477000000, "netReceivables": 2232000000, "longTermDebt": 6658000000, "inventory": 16485000000, "accountsPayable": 17089000000}, "2021-11-21": {"capitalSurplus": 7064000000, "totalLiab": 45149000000, "totalStockholderEquity": 18463000000, "minorityInterest": 537000000, "otherCurrentLiab": 7271000000, "totalAssets": 64149000000, "commonStock": 4000000, "otherCurrentAssets": 1500000000, "retainedEarnings": 12606000000, "otherLiab": 2491000000, "treasuryStock": -1211000000, "otherAssets": 3509000000, "cash": 12751000000, "totalCurrentLiabilities": 33342000000, "shortLongTermDebt": 799000000, "otherStockholderEquity": -1211000000, "propertyPlantEquipment": 26790000000, "totalCurrentAssets": 33850000000, "netTangibleAssets": 18463000000, "shortTermInvestments": 725000000, "netReceivables": 1932000000, "longTermDebt": 6667000000, "inventory": 16942000000, "accountsPayable": 19561000000}, "2021-08-29": {"capitalSurplus": 7031000000, "totalLiab": 41190000000, "totalStockholderEquity": 17564000000, "minorityInterest": 514000000, "otherCurrentLiab": 6309000000, "totalAssets": 59268000000, "commonStock": 4000000, "otherCurrentAssets": 1312000000, "retainedEarnings": 11666000000, "otherLiab": 1435000000, "goodWill": 996000000, "treasuryStock": -1137000000, "otherAssets": 1385000000, "cash": 11258000000, "totalCurrentLiabilities": 29441000000, "deferredLongTermAssetCharges": 444000000, "shortLongTermDebt": 799000000, "otherStockholderEquity": -1137000000, "propertyPlantEquipment": 27382000000, "totalCurrentAssets": 29505000000, "netTangibleAssets": 16568000000, "shortTermInvestments": 917000000, "netReceivables": 1803000000, "longTermDebt": 6692000000, "inventory": 14215000000, "accountsPayable": 16278000000}}}, "income": {"annual": {"2021-08-29": {"researchDevelopment": null, "effectOfAccountingCharges": null, "incomeBeforeTax": 6680000000, "minorityInterest": 514000000, "netIncome": 5007000000, "sellingGeneralAdministrative": 17946000000, "grossProfit": 25245000000, "ebit": 7223000000, "operatingIncome": 7223000000, "otherOperatingExpenses": null, "interestExpense": -171000000, "extraordinaryItems": null, "nonRecurring": null, "otherItems": null, "incomeTaxExpense": 1601000000, "totalRevenue": 195929000000, "totalOperatingExpenses": 188706000000, "costOfRevenue": 170684000000, "totalOtherIncomeExpenseNet": -543000000, "discontinuedOperations": null, "netIncomeFromContinuingOps": 5079000000, "netIncomeApplicableToCommonShares": 5007000000}, "2020-08-30": {"researchDevelopment": null, "effectOfAccountingCharges": null, "incomeBeforeTax": 5367000000, "minorityInterest": 421000000, "netIncome": 4002000000, "sellingGeneralAdministrative": 16332000000, "grossProfit": 21822000000, "ebit": 5435000000, "operatingIncome": 5435000000, "otherOperatingExpenses": null, "interestExpense": -160000000, "extraordinaryItems": null, "nonRecurring": null, "otherItems": null, "incomeTaxExpense": 1308000000, "totalRevenue": 166761000000, "totalOperatingExpenses": 161326000000, "costOfRevenue": 144939000000, "totalOtherIncomeExpenseNet": -68000000, "discontinuedOperations": null, "netIncomeFromContinuingOps": 4059000000, "netIncomeApplicableToCommonShares": 4002000000}, "2019-09-01": {"researchDevelopment": null, "effectOfAccountingCharges": null, "incomeBeforeTax": 4765000000, "minorityInterest": 341000000, "netIncome": 3659000000, "sellingGeneralAdministrative": 14994000000, "grossProfit": 19817000000, "ebit": 4737000000, "operatingIncome": 4737000000, "otherOperatingExpenses": null, "interestExpense": -150000000, "extraordinaryItems": null, "nonRecurring": null, "otherItems": null, "incomeTaxExpense": 1061000000, "totalRevenue": 152703000000, "totalOperatingExpenses": 147966000000, "costOfRevenue": 132886000000, "totalOtherIncomeExpenseNet": 28000000, "discontinuedOperations": null, "netIncomeFromContinuingOps": 3704000000, "netIncomeApplicableToCommonShares": 3659000000}, "2018-09-02": {"researchDevelopment": null, "effectOfAccountingCharges": null, "incomeBeforeTax": 4442000000, "minorityInterest": 304000000, "netIncome": 3134000000, "sellingGeneralAdministrative": 13876000000, "grossProfit": 18424000000, "ebit": 4480000000, "operatingIncome": 4480000000, "otherOperatingExpenses": null, "interestExpense": -159000000, "extraordinaryItems": null, "nonRecurring": null, "otherItems": null, "incomeTaxExpense": 1263000000, "totalRevenue": 141576000000, "totalOperatingExpenses": 137096000000, "costOfRevenue": 123152000000, "totalOtherIncomeExpenseNet": -38000000, "discontinuedOperations": null, "netIncomeFromContinuingOps": 3179000000, "netIncomeApplicableToCommonShares": 3134000000}}, "quarterly": {"2022-05-08": {"researchDevelopment": null, "effectOfAccountingCharges": null, "incomeBeforeTax": 1827000000, "minorityInterest": 545000000, "netIncome": 1353000000, "sellingGeneralAdministrative": 4450000000, "grossProfit": 6241000000, "ebit": 1791000000, "operatingIncome": 1791000000, "otherOperatingExpenses": null, "interestExpense": -35000000, "extraordinaryItems": null, "nonRecurring": null, "otherItems": null, "incomeTaxExpense": 455000000, "totalRevenue": 52596000000, "totalOperatingExpenses": 50805000000, "costOfRevenue": 46355000000, "totalOtherIncomeExpenseNet": 36000000, "discontinuedOperations": null, "netIncomeFromContinuingOps": 1372000000, "netIncomeApplicableToCommonShares": 1353000000}, "2022-02-13": {"researchDevelopment": null, "effectOfAccountingCharges": null, "incomeBeforeTax": 1801000000, "minorityInterest": 558000000, "netIncome": 1299000000, "sellingGeneralAdministrative": 4575000000, "grossProfit": 6387000000, "ebit": 1812000000, "operatingIncome": 1812000000, "otherOperatingExpenses": null, "interestExpense": -36000000, "extraordinaryItems": null, "nonRecurring": null, "otherItems": null, "incomeTaxExpense": 481000000, "totalRevenue": 51904000000, "totalOperatingExpenses": 50092000000, "costOfRevenue": 45517000000, "totalOtherIncomeExpenseNet": -11000000, "discontinuedOperations": null, "netIncomeFromContinuingOps": 1320000000, "netIncomeApplicableToCommonShares": 1299000000}, "2021-11-21": {"researchDevelopment": null, "effectOfAccountingCharges": null, "incomeBeforeTax": 1696000000, "minorityInterest": 537000000, "netIncome": 1324000000, "sellingGeneralAdministrative": 4600000000, "grossProfit": 6411000000, "ebit": 1811000000, "operatingIncome": 1811000000, "otherOperatingExpenses": null, "interestExpense": -39000000, "extraordinaryItems": null, "nonRecurring": null, "otherItems": null, "incomeTaxExpense": 351000000, "totalRevenue": 50363000000, "totalOperatingExpenses": 48552000000, "costOfRevenue": 43952000000, "totalOtherIncomeExpenseNet": -115000000, "discontinuedOperations": null, "netIncomeFromContinuingOps": 1345000000, "netIncomeApplicableToCommonShares": 1324000000}, "2021-08-29": {"researchDevelopment": null, "effectOfAccountingCharges": null, "incomeBeforeTax": 2291000000, "minorityInterest": 514000000, "netIncome": 1670000000, "sellingGeneralAdministrative": 5117000000, "grossProfit": 7942000000, "ebit": 2790000000, "operatingIncome": 2790000000, "otherOperatingExpenses": null, "interestExpense": -52000000, "extraordinaryItems": null, "nonRecurring": null, "otherItems": null, "incomeTaxExpense": 597000000, "totalRevenue": 62675000000, "totalOperatingExpenses": 59885000000, "costOfRevenue": 54733000000, "totalOtherIncomeExpenseNet": -499000000, "discontinuedOperations": null, "netIncomeFromContinuingOps": 1694000000, "netIncomeApplicableToCommonShares": 1670000000}}}, "cash": {"annual": {"2021-08-29": {"investments": 115000000, "changeToLiabilities": 1838000000, "totalCashflowsFromInvestingActivities": -3535000000, "netBorrowings": 135000000, "totalCashFromFinancingActivities": -6488000000, "changeToOperatingActivities": 1057000000, "netIncome": 5007000000, "changeInCash": -1019000000, "repurchaseOfStock": -808000000, "effectOfExchangeRate": 46000000, "totalCashFromOperatingActivities": 8958000000, "depreciation": 1781000000, "otherCashflowsFromInvestingActivities": -62000000, "dividendsPaid": -1318000000, "changeToInventory": -1892000000, "otherCashflowsFromFinancingActivities": -67000000, "changeToNetincome": 1167000000, "capitalExpenditures": -3588000000}, "2020-08-30": {"investments": 52000000, "changeToLiabilities": 2261000000, "totalCashflowsFromInvestingActivities": -3891000000, "netBorrowings": 929000000, "totalCashFromFinancingActivities": -1147000000, "changeToOperatingActivities": 728000000, "netIncome": 4002000000, "changeInCash": 3893000000, "repurchaseOfStock": -526000000, "effectOfExchangeRate": 70000000, "totalCashFromOperatingActivities": 8861000000, "depreciation": 1645000000, "otherCashflowsFromInvestingActivities": 30000000, "dividendsPaid": -1479000000, "changeToInventory": -791000000, "otherCashflowsFromFinancingActivities": -71000000, "changeToNetincome": 1016000000, "capitalExpenditures": -2810000000}, "2019-09-01": {"investments": 137000000, "changeToLiabilities": 322000000, "totalCashflowsFromInvestingActivities": -2865000000, "netBorrowings": 419000000, "totalCashFromFinancingActivities": -1147000000, "changeToOperatingActivities": 623000000, "netIncome": 3659000000, "changeInCash": 2329000000, "repurchaseOfStock": -519000000, "effectOfExchangeRate": -15000000, "totalCashFromOperatingActivities": 6356000000, "depreciation": 1492000000, "otherCashflowsFromInvestingActivities": -4000000, "dividendsPaid": -1038000000, "changeToInventory": -536000000, "otherCashflowsFromFinancingActivities": -9000000, "changeToNetincome": 796000000, "capitalExpenditures": -2998000000}, "2018-09-02": {"investments": 18000000, "changeToLiabilities": 1561000000, "totalCashflowsFromInvestingActivities": -2947000000, "netBorrowings": -6000000, "totalCashFromFinancingActivities": -1281000000, "changeToOperatingActivities": 421000000, "netIncome": 3134000000, "changeInCash": 1509000000, "repurchaseOfStock": -545000000, "effectOfExchangeRate": -37000000, "totalCashFromOperatingActivities": 5774000000, "depreciation": 1437000000, "otherCashflowsFromInvestingActivities": 4000000, "dividendsPaid": -689000000, "changeToInventory": -1313000000, "otherCashflowsFromFinancingActivities": -41000000, "changeToNetincome": 534000000, "capitalExpenditures": -2969000000}}, "quarterly": {"2022-05-08": {"investments": -176000000, "changeToLiabilities": 796000000, "totalCashflowsFromInvestingActivities": -1035000000, "netBorrowings": -89000000, "totalCashFromFinancingActivities": -676000000, "changeToOperatingActivities": -211000000, "netIncome": 1353000000, "changeInCash": -626000000, "repurchaseOfStock": -140000000, "effectOfExchangeRate": -142000000, "totalCashFromOperatingActivities": 1227000000, "depreciation": 438000000, "otherCashflowsFromInvestingActivities": -5000000, "dividendsPaid": -351000000, "changeToInventory": -1311000000, "otherCashflowsFromFinancingActivities": -96000000, "changeToNetincome": 162000000, "capitalExpenditures": -854000000}, "2022-02-13": {"investments": 242000000, "changeToLiabilities": -2419000000, "totalCashflowsFromInvestingActivities": -481000000, "netBorrowings": -724000000, "totalCashFromFinancingActivities": -828000000, "changeToOperatingActivities": 445000000, "netIncome": 1299000000, "changeInCash": -932000000, "repurchaseOfStock": -82000000, "effectOfExchangeRate": -24000000, "totalCashFromOperatingActivities": 401000000, "depreciation": 436000000, "otherCashflowsFromInvestingActivities": -5000000, "dividendsPaid": -351000000, "changeToInventory": 438000000, "otherCashflowsFromFinancingActivities": -22000000, "changeToNetincome": 202000000, "capitalExpenditures": -723000000}, "2021-11-21": {"investments": 186000000, "changeToLiabilities": 3389000000, "totalCashflowsFromInvestingActivities": -912000000, "netBorrowings": -86000000, "totalCashFromFinancingActivities": -839000000, "changeToOperatingActivities": 283000000, "netIncome": 1324000000, "changeInCash": 1493000000, "repurchaseOfStock": -392000000, "effectOfExchangeRate": -14000000, "totalCashFromOperatingActivities": 3258000000, "depreciation": 432000000, "otherCashflowsFromInvestingActivities": -43000000, "dividendsPaid": -350000000, "changeToInventory": -2760000000, "otherCashflowsFromFinancingActivities": -11000000, "changeToNetincome": 590000000, "capitalExpenditures": -1055000000}, "2021-08-29": {"investments": -38000000, "changeToLiabilities": 582000000, "totalCashflowsFromInvestingActivities": -1155000000, "netBorrowings": 134000000, "totalCashFromFinancingActivities": -719000000, "changeToOperatingActivities": 113000000, "netIncome": 1670000000, "changeInCash": 1032000000, "repurchaseOfStock": -129000000, "effectOfExchangeRate": -34000000, "totalCashFromOperatingActivities": 2940000000, "depreciation": 559000000, "otherCashflowsFromInvestingActivities": -23000000, "dividendsPaid": -698000000, "changeToInventory": -361000000, "otherCashflowsFromFinancingActivities": -26000000, "changeToNetincome": 377000000, "capitalExpenditures": -1094000000}}}}, "TGT": {"balance": {"annual": {"2022-01-29": {"intangibleAssets": 25000000, "capitalSurplus": 6421000000, "totalLiab": 40984000000, "totalStockholderEquity": 12827000000, "otherCurrentLiab": 2936000000, "totalAssets": 53811000000, "commonStock": 39000000, "otherCurrentAssets": 220000000, "retainedEarnings": 6920000000, "otherLiab": 3195000000, "goodWill": 631000000, "treasuryStock": -553000000, "otherAssets": 710000000, "cash": 5911000000, "totalCurrentLiabilities": 21747000000, "shortLongTermDebt": 63000000, "otherStockholderEquity": -553000000, "propertyPlantEquipment": 30737000000, "totalCurrentAssets": 21573000000, "longTermInvestments": 135000000, "netTangibleAssets": 12171000000, "netReceivables": 1353000000, "longTermDebt": 11582000000, "inventory": 13902000000, "accountsPayable": 15478000000}, "2021-01-30": {"intangibleAssets": 37000000, "capitalSurplus": 6329000000, "totalLiab": 36808000000, "totalStockholderEquity": 14440000000, "otherCurrentLiab": 2883000000, "totalAssets": 51248000000, "commonStock": 42000000, "otherCurrentAssets": 286000000, "retainedEarnings": 8825000000, "otherLiab": 2929000000, "goodWill": 631000000, "treasuryStock": -756000000, "otherAssets": 530000000, "cash": 8511000000, "totalCurrentLiabilities": 20125000000, "shortLongTermDebt": 1056000000, "otherStockholderEquity": -756000000, "propertyPlantEquipment": 29106000000, "totalCurrentAssets": 20756000000, "longTermInvestments": 188000000, "netTangibleAssets": 13772000000, "netReceivables": 1135000000, "longTermDebt": 9770000000, "inventory": 10653000000, "accountsPayable": 12859000000}, "2020-02-01": {"intangibleAssets": 53000000, "capitalSurplus": 6226000000, "totalLiab": 30946000000, "totalStockholderEquity": 11833000000, "otherCurrentLiab": 2223000000, "totalAssets": 42779000000, "commonStock": 42000000, "otherCurrentAssets": 178000000, "retainedEarnings": 6433000000, "otherLiab": 2846000000, "goodWill": 633000000, "treasuryStock": -868000000, "otherAssets": 535000000, "cash": 2577000000, "totalCurrentLiabilities": 14487000000, "shortLongTermDebt": 94000000, "otherStockholderEquity": -868000000, "propertyPlantEquipment": 28519000000, "totalCurrentAssets": 12902000000, "longTermInvestments": 137000000, "netTangibleAssets": 11147000000, "shortTermInvestments": 39000000, "netReceivables": 962000000, "longTermDebt": 10035000000, "inventory": 8992000000, "accountsPayable": 9920000000}, "2019-02-02": {"intangibleAssets": 66000000, "capitalSurplus": 6042000000, "totalLiab": 29993000000, "totalStockholderEquity": 11297000000, "otherCurrentLiab": 1998000000, "totalAssets": 41290000000, "commonStock": 43000000, "otherCurrentAssets": 209000000, "retainedEarnings": 6017000000, "otherLiab": 2752000000, "goodWill": 633000000, "treasuryStock": -805000000, "otherAssets": 564000000, "cash": 1556000000, "totalCurrentLiabilities": 15014000000, "shortLongTermDebt": 1002000000, "otherStockholderEquity": -805000000, "propertyPlantEquipment": 27498000000, "totalCurrentAssets": 12519000000, "longTermInvestments": 10000000, "netTangibleAssets": 10598000000, "netReceivables": 1100000000, "longTermDebt": 9255000000, "inventory": 9497000000, "accountsPayable": 9761000000}}, "quarterly": {"2022-07-30": {"capitalSurplus": 6502000000, "totalLiab": 41878000000, "totalStockholderEquity": 10592000000, "totalAssets": 52470000000, "commonStock": 38000000, "otherCurrentAssets": 2016000000, "retainedEarnings": 4421000000, "otherLiab": 3437000000, "treasuryStock": -369000000, "otherAssets": 1655000000, "cash": 1117000000, "totalCurrentLiabilities": 22445000000, "shortLongTermDebt": 1649000000, "otherStockholderEquity": -369000000, "propertyPlantEquipment": 32362000000, "totalCurrentAssets": 18453000000, "netTangibleAssets": 10592000000, "longTermDebt": 13453000000, "inventory": 15320000000, "accountsPayable": 14891000000}, "2022-04-30": {"capitalSurplus": 5592000000, "totalLiab": 40068000000, "totalStockholderEquity": 10774000000, "otherCurrentLiab": 1013000000, "totalAssets": 50842000000, "commonStock": 39000000, "otherCurrentAssets": 1717000000, "retainedEarnings": 5495000000, "otherLiab": 3357000000, "treasuryStock": -352000000, "otherAssets": 1356000000, "cash": 1112000000, "totalCurrentLiabilities": 20724000000, "shortLongTermDebt": 1089000000, "otherStockholderEquity": -352000000, "propertyPlantEquipment": 31241000000, "totalCurrentAssets": 17953000000, "longTermInvestments": 292000000, "netTangibleAssets": 10774000000, "longTermDebt": 13406000000, "inventory": 15083000000, "accountsPayable": 14053000000}, "2022-01-29": {"intangibleAssets": 25000000, "capitalSurplus": 6421000000, "totalLiab": 40984000000, "totalStockholderEquity": 12827000000, "otherCurrentLiab": 2936000000, "totalAssets": 53811000000, "commonStock": 39000000, "otherCurrentAssets": 220000000, "retainedEarnings": 6920000000, "otherLiab": 3195000000, "goodWill": 631000000, "treasuryStock": -553000000, "otherAssets": 710000000, "cash": 5911000000, "totalCurrentLiabilities": 21747000000, "shortLongTermDebt": 63000000, "otherStockholderEquity": -553000000, "propertyPlantEquipment": 30737000000, "totalCurrentAssets": 21573000000, "longTermInvestments": 135000000, "netTangibleAssets": 12171000000, "netReceivables": 1353000000, "longTermDebt": 11582000000, "inventory": 13902000000, "accountsPayable": 15478000000}, "2021-10-30": {"capitalSurplus": 6381000000, "totalLiab": 40608000000, "totalStockholderEquity": 13803000000, "otherCurrentLiab": 906000000, "totalAssets": 54411000000, "commonStock": 40000000, "otherCurrentAssets": 1853000000, "retainedEarnings": 8069000000, "otherLiab": 3177000000, "treasuryStock": -687000000, "otherAssets": 1265000000, "cash": 5753000000, "totalCurrentLiabilities": 23351000000, "shortLongTermDebt": 1176000000, "otherStockholderEquity": -687000000, "propertyPlantEquipment": 30454000000, "totalCurrentAssets": 22576000000, "longTermInvestments": 116000000, "netTangibleAssets": 13803000000, "longTermDebt": 11586000000, "inventory": 14958000000, "accountsPayable": 16250000000}}}, "income": {"annual": {"2022-01-29": {"researchDevelopment": null, "effectOfAccountingCharges": null, "incomeBeforeTax": 8907000000, "minorityInterest": null, "netIncome": 6946000000, "sellingGeneralAdministrative": 19636000000, "grossProfit": 31042000000, "ebit": 9062000000, "operatingIncome": 9062000000, "otherOperatingExpenses": null, "interestExpense": -421000000, "extraordinaryItems": null, "nonRecurring": null, "otherItems": null, "incomeTaxExpense": 1961000000, "totalRevenue": 106005000000, "totalOperatingExpenses": 96943000000, "costOfRevenue": 74963000000, "totalOtherIncomeExpenseNet": -155000000, "discontinuedOperations": null, "netIncomeFromContinuingOps": 6946000000, "netIncomeApplicableToCommonShares": 6946000000}, "2021-01-30": {"researchDevelopment": null, "effectOfAccountingCharges": null, "incomeBeforeTax": 5546000000, "minorityInterest": null, "netIncome": 4368000000, "sellingGeneralAdministrative": 18546000000, "grossProfit": 27610000000, "ebit": 6834000000, "operatingIncome": 6834000000, "otherOperatingExpenses": null, "interestExpense": -465000000, "extraordinaryItems": null, "nonRecurring": null, "otherItems": null, "incomeTaxExpense": 1178000000, "totalRevenue": 93561000000, "totalOperatingExpenses": 86727000000, "costOfRevenue": 65951000000, "totalOtherIncomeExpenseNet": -1288000000, "discontinuedOperations": null, "netIncomeFromContinuingOps": 4368000000, "netIncomeApplicableToCommonShares": 4368000000}, "2020-02-01": {"researchDevelopment": null, "effectOfAccountingCharges": null, "incomeBeforeTax": 4190000000, "minorityInterest": null, "netIncome": 3281000000, "sellingGeneralAdministrative": 16163000000, "grossProfit": 23248000000, "ebit": 4728000000, "operatingIncome": 4728000000, "otherOperatingExpenses": null, "interestExpense": -467000000, "extraordinaryItems": null, "nonRecurring": null, "otherItems": null, "incomeTaxExpense": 921000000, "totalRevenue": 78112000000, "totalOperatingExpenses": 73384000000, "costOfRevenue": 54864000000, "totalOtherIncomeExpenseNet": -538000000, "discontinuedOperations": 12000000, "netIncomeFromContinuingOps": 3269000000, "netIncomeApplicableToCommonShares": 3281000000}, "2019-02-02": {"researchDevelopment": null, "effectOfAccountingCharges": null, "incomeBeforeTax": 3676000000, "minorityInterest": null, "netIncome": 2937000000, "sellingGeneralAdministrative": 15606000000, "grossProfit": 22057000000, "ebit": 4227000000, "operatingIncome": 4227000000, "otherOperatingExpenses": null, "interestExpense": -461000000, "extraordinaryItems": null, "nonRecurring": null, "otherItems": null, "incomeTaxExpense": 746000000, "totalRevenue": 75356000000, "totalOperatingExpenses": 71129000000, "costOfRevenue": 53299000000, "totalOtherIncomeExpenseNet": -551000000, "discontinuedOperations": 7000000, "netIncomeFromContinuingOps": 2930000000, "netIncomeApplicableToCommonShares": 2937000000}}, "quarterly": {"2022-07-30": {"researchDevelopment": null, "effectOfAccountingCharges": null, "incomeBeforeTax": 217000000, "minorityInterest": null, "netIncome": 183000000, "sellingGeneralAdministrative": 5002000000, "grossProfit": 5895000000, "ebit": 321000000, "operatingIncome": 321000000, "otherOperatingExpenses": null, "interestExpense": -112000000, "extraordinaryItems": null, "nonRecurring": null, "otherItems": null, "incomeTaxExpense": 34000000, "totalRevenue": 26037000000, "totalOperatingExpenses": 25716000000, "costOfRevenue": 20142000000, "totalOtherIncomeExpenseNet": -104000000, "discontinuedOperations": null, "netIncomeFromContinuingOps": 183000000, "netIncomeApplicableToCommonShares": 183000000}, "2022-04-30": {"researchDevelopment": null, "effectOfAccountingCharges": null, "incomeBeforeTax": 1249000000, "minorityInterest": null, "netIncome": 1009000000, "sellingGeneralAdministrative": 4724000000, "grossProfit": 6709000000, "ebit": 1384000000, "operatingIncome": 1384000000, "otherOperatingExpenses": null, "interestExpense": -112000000, "extraordinaryItems": null, "nonRecurring": null, "otherItems": null, "incomeTaxExpense": 240000000, "totalRevenue": 25170000000, "totalOperatingExpenses": 23786000000, "costOfRevenue": 18461000000, "totalOtherIncomeExpenseNet": -135000000, "discontinuedOperations": null, "netIncomeFromContinuingOps": 1009000000, "netIncomeApplicableToCommonShares": 1009000000}, "2022-01-29": {"researchDevelopment": null, "effectOfAccountingCharges": null, "incomeBeforeTax": 2017000000, "minorityInterest": null, "netIncome": 1544000000, "sellingGeneralAdministrative": 5523000000, "grossProfit": 8235000000, "ebit": 2107000000, "operatingIncome": 2107000000, "otherOperatingExpenses": null, "interestExpense": -104000000, "extraordinaryItems": null, "nonRecurring": null, "otherItems": null, "incomeTaxExpense": 473000000, "totalRevenue": 30996000000, "totalOperatingExpenses": 28889000000, "costOfRevenue": 22761000000, "totalOtherIncomeExpenseNet": -90000000, "discontinuedOperations": null, "netIncomeFromContinuingOps": 1544000000, "netIncomeApplicableToCommonShares": 1544000000}, "2021-10-30": {"researchDevelopment": null, "effectOfAccountingCharges": null, "incomeBeforeTax": 1911000000, "minorityInterest": null, "netIncome": 1488000000, "sellingGeneralAdministrative": 4850000000, "grossProfit": 7446000000, "ebit": 2019000000, "operatingIncome": 2019000000, "otherOperatingExpenses": null, "interestExpense": -105000000, "extraordinaryItems": null, "nonRecurring": null, "otherItems": null, "incomeTaxExpense": 423000000, "totalRevenue": 25652000000, "totalOperatingExpenses": 23633000000, "costOfRevenue": 18206000000, "totalOtherIncomeExpenseNet": -108000000, "discontinuedOperations": null, "netIncomeFromContinuingOps": 1488000000, "netIncomeApplicableToCommonShares": 1488000000}}}, "cash": {"annual": {"2022-01-29": {"investments": 7000000, "changeToLiabilities": 2628000000, "totalCashflowsFromInvestingActivities": -3154000000, "netBorrowings": 825000000, "totalCashFromFinancingActivities": -8071000000, "changeToOperatingActivities": -824000000, "issuanceOfStock": 8000000, "netIncome": 6946000000, "changeInCash": -2600000000, "repurchaseOfStock": -7356000000, "totalCashFromOperatingActivities": 8625000000, "depreciation": 2642000000, "dividendsPaid": -1548000000, "changeToInventory": -3249000000, "changeToNetincome": 482000000, "capitalExpenditures": -3544000000}, "2021-01-30": {"investments": 16000000, "changeToLiabilities": 2925000000, "totalCashflowsFromInvestingActivities": -2591000000, "netBorrowings": 65000000, "totalCashFromFinancingActivities": -2000000000, "changeToOperatingActivities": 1794000000, "issuanceOfStock": 23000000, "netIncome": 4368000000, "changeInCash": 5934000000, "repurchaseOfStock": -745000000, "totalCashFromOperatingActivities": 10525000000, "depreciation": 2485000000, "dividendsPaid": -1343000000, "changeToInventory": -1661000000, "changeToNetincome": 614000000, "capitalExpenditures": -2649000000}, "2020-02-01": {"investments": 20000000, "changeToLiabilities": 140000000, "totalCashflowsFromInvestingActivities": -2944000000, "netBorrowings": -330000000, "totalCashFromFinancingActivities": -3152000000, "changeToOperatingActivities": 217000000, "issuanceOfStock": 73000000, "netIncome": 3281000000, "changeInCash": 1021000000, "repurchaseOfStock": -1565000000, "totalCashFromOperatingActivities": 7117000000, "depreciation": 2604000000, "dividendsPaid": -1330000000, "changeToInventory": 505000000, "changeToNetincome": 370000000, "capitalExpenditures": -3027000000}, "2019-02-02": {"investments": 15000000, "changeToLiabilities": 1127000000, "totalCashflowsFromInvestingActivities": -3416000000, "netBorrowings": -281000000, "totalCashFromFinancingActivities": -3644000000, "changeToOperatingActivities": -210000000, "issuanceOfStock": 96000000, "netIncome": 2937000000, "changeInCash": -1087000000, "repurchaseOfStock": -2124000000, "totalCashFromOperatingActivities": 5973000000, "depreciation": 2474000000, "dividendsPaid": -1335000000, "changeToInventory": -900000000, "changeToNetincome": 545000000, "capitalExpenditures": -3516000000}}, "quarterly": {"2022-07-30": {"investments": -1000000, "changeToLiabilities": 776000000, "totalCashflowsFromInvestingActivities": -1570000000, "netBorrowings": 535000000, "totalCashFromFinancingActivities": 228000000, "changeToOperatingActivities": -232000000, "issuanceOfStock": 1000000, "netIncome": 183000000, "changeInCash": 5000000, "repurchaseOfStock": -2640000000, "totalCashFromOperatingActivities": 1347000000, "depreciation": 650000000, "dividendsPaid": -418000000, "changeToInventory": -237000000, "otherCashflowsFromFinancingActivities": 2750000000, "changeToNetincome": 207000000, "capitalExpenditures": -1571000000}, "2022-04-30": {"investments": 2000000, "changeToLiabilities": -1560000000, "totalCashflowsFromInvestingActivities": -948000000, "netBorrowings": 897000000, "totalCashFromFinancingActivities": -2457000000, "changeToOperatingActivities": -591000000, "issuanceOfStock": 1000000, "netIncome": 1009000000, "changeInCash": -4799000000, "repurchaseOfStock": -181000000, "totalCashFromOperatingActivities": -1394000000, "depreciation": 679000000, "dividendsPaid": -424000000, "changeToInventory": -1181000000, "otherCashflowsFromFinancingActivities": -2750000000, "changeToNetincome": 250000000, "capitalExpenditures": -952000000}, "2022-01-29": {"investments": -7000000, "changeToLiabilities": -656000000, "totalCashflowsFromInvestingActivities": -1064000000, "netBorrowings": 937000000, "totalCashFromFinancingActivities": -1806000000, "changeToOperatingActivities": 15000000, "issuanceOfStock": 3000000, "netIncome": 1544000000, "changeInCash": 158000000, "repurchaseOfStock": -2314000000, "totalCashFromOperatingActivities": 3028000000, "depreciation": 690000000, "dividendsPaid": -432000000, "changeToInventory": 1056000000, "otherCashflowsFromFinancingActivities": -2750000000, "changeToNetincome": 379000000, "capitalExpenditures": -1061000000}, "2021-10-30": {"investments": 19000000, "changeToLiabilities": 3595000000, "totalCashflowsFromInvestingActivities": -1118000000, "netBorrowings": -40000000, "totalCashFromFinancingActivities": -2672000000, "changeToOperatingActivities": -11000000, "issuanceOfStock": 3000000, "netIncome": 1488000000, "changeInCash": -1615000000, "repurchaseOfStock": -2192000000, "totalCashFromOperatingActivities": 2175000000, "depreciation": 652000000, "dividendsPaid": -440000000, "changeToInventory": -3699000000, "otherCashflowsFromFinancingActivities": -2750000000, "changeToNetincome": 150000000, "capitalExpenditures": -1145000000}}}}, "DG": {"balance": {"annual": {"2022-01-28": {"intangibleAssets": 1199750000, "capitalSurplus": 3587914000, "totalLiab": 20065385000, "totalStockholderEquity": 6261986000, "otherCurrentLiab": 389682000, "totalAssets": 26327371000, "commonStock": 201265000, "retainedEarnings": 2473999000, "otherLiab": 1023251000, "goodWill": 4338589000, "treasuryStock": -1192000, "otherAssets": 46132000, "cash": 344829000, "totalCurrentLiabilities": 5979357000, "otherStockholderEquity": -1192000, "propertyPlantEquipment": 14439057000, "totalCurrentAssets": 6303843000, "netTangibleAssets": 723647000, "netReceivables": 97394000, "longTermDebt": 4172068000, "inventory": 5614325000, "accountsPayable": 3738604000}, "2021-01-29": {"intangibleAssets": 1199870000, "capitalSurplus": 3446612000, "totalLiab": 19201386000, "totalStockholderEquity": 6661238000, "otherCurrentLiab": 324710000, "totalAssets": 25862624000, "commonStock": 210687000, "retainedEarnings": 3006102000, "otherLiab": 974240000, "goodWill": 4338589000, "treasuryStock": -2163000, "otherAssets": 36619000, "cash": 1376577000, "totalCurrentLiabilities": 5710783000, "otherStockholderEquity": -2163000, "propertyPlantEquipment": 13373327000, "totalCurrentAssets": 6914219000, "netTangibleAssets": 1122779000, "netReceivables": 90760000, "longTermDebt": 4130975000, "inventory": 5247477000, "accountsPayable": 3614089000}, "2020-01-31": {"intangibleAssets": 1200006000, "capitalSurplus": 3322531000, "totalLiab": 16122584000, "totalStockholderEquity": 6702500000, "otherCurrentLiab": 280079000, "totalAssets": 22825084000, "commonStock": 220444000, "retainedEarnings": 3162660000, "otherLiab": 847903000, "goodWill": 4338589000, "treasuryStock": -3135000, "otherAssets": 34079000, "cash": 240320000, "totalCurrentLiabilities": 4543005000, "otherStockholderEquity": -3135000, "propertyPlantEquipment": 12074542000, "totalCurrentAssets": 5177868000, "netTangibleAssets": 1163905000, "netReceivables": 76537000, "longTermDebt": 2911993000, "inventory": 4676848000, "accountsPayable": 2860682000}, "2019-02-01": {"intangibleAssets": 1200217000, "capitalSurplus": 3252421000, "totalLiab": 6786645000, "totalStockholderEquity": 6417393000, "otherCurrentLiab": 215742000, "totalAssets": 13204038000, "commonStock": 227072000, "retainedEarnings": 2941107000, "otherLiab": 908048000, "goodWill": 4338589000, "treasuryStock": -3207000, "otherAssets": 31406000, "cash": 235487000, "totalCurrentLiabilities": 3015857000, "shortLongTermDebt": 1950000, "otherStockholderEquity": -3207000, "propertyPlantEquipment": 2970806000, "totalCurrentAssets": 4663020000, "netTangibleAssets": 878587000, "netReceivables": 57804000, "longTermDebt": 2862740000, "inventory": 4097004000, "accountsPayable": 2385469000}}, "quarterly": {"2022-04-29": {"intangibleAssets": 1199720000, "capitalSurplus": 3606414000, "totalLiab": 20994684000, "totalStockholderEquity": 5961624000, "otherCurrentLiab": 9051000, "totalAssets": 26956308000, "commonStock": 198623000, "retainedEarnings": 2157589000, "otherLiab": 1136207000, "goodWill": 4338589000, "treasuryStock": -1002000, "otherAssets": 46949000, "cash": 335613000, "totalCurrentLiabilities": 6951841000, "shortLongTermDebt": 900635000, "otherStockholderEquity": -1002000, "propertyPlantEquipment": 14634180000, "totalCurrentAssets": 6736870000, "netTangibleAssets": 423315000, "netReceivables": 33576000, "longTermDebt": 3947462000, "inventory": 6087399000, "accountsPayable": 3906852000}, "2022-01-28": {"intangibleAssets": 1199750000, "capitalSurplus": 3587914000, "totalLiab": 20065385000, "totalStockholderEquity": 6261986000, "otherCurrentLiab": 389682000, "totalAssets": 26327371000, "commonStock": 201265000, "retainedEarnings": 2473999000, "otherLiab": 1023251000, "goodWill": 4338589000, "treasuryStock": -1192000, "otherAssets": 46132000, "cash": 344829000, "totalCurrentLiabilities": 5979357000, "otherStockholderEquity": -1192000, "propertyPlantEquipment": 14439057000, "totalCurrentAssets": 6303843000, "netTangibleAssets": 723647000, "netReceivables": 97394000, "longTermDebt": 4172068000, "inventory": 5614325000, "accountsPayable": 3738604000}, "2021-10-29": {"intangibleAssets": 1199780000, "capitalSurplus": 3527285000, "totalLiab": 19735501000, "totalStockholderEquity": 6189801000, "otherCurrentLiab": 11393000, "totalAssets": 25925302000, "commonStock": 202743000, "retainedEarnings": 2461208000, "otherLiab": 1059062000, "goodWill": 4338589000, "treasuryStock": -1435000, "otherAssets": 44562000, "cash": 488662000, "totalCurrentLiabilities": 5740499000, "otherStockholderEquity": -1435000, "propertyPlantEquipment": 14160537000, "totalCurrentAssets": 6181834000, "netTangibleAssets": 651432000, "netReceivables": 120374000, "longTermDebt": 4127426000, "inventory": 5298859000, "accountsPayable": 3532639000}, "2021-07-30": {"intangibleAssets": 1199810000, "capitalSurplus": 3504850000, "totalLiab": 19350673000, "totalStockholderEquity": 6137135000, "otherCurrentLiab": 8234000, "totalAssets": 25487808000, "commonStock": 204142000, "retainedEarnings": 2429821000, "otherLiab": 1053108000, "goodWill": 4338589000, "treasuryStock": -1678000, "otherAssets": 47417000, "cash": 313666000, "totalCurrentLiabilities": 5479084000, "otherStockholderEquity": -1678000, "propertyPlantEquipment": 13909274000, "totalCurrentAssets": 5992718000, "netTangibleAssets": 598736000, "netReceivables": 127011000, "longTermDebt": 4156765000, "inventory": 5279273000, "accountsPayable": 3369984000}}}, "income": {"annual": {"2022-01-28": {"researchDevelopment": null, "effectOfAccountingCharges": null, "incomeBeforeTax": 3063149000, "minorityInterest": null, "netIncome": 2399232000, "sellingGeneralAdministrative": 7589731000, "grossProfit": 10813006000, "ebit": 3223275000, "operatingIncome": 3223275000, "otherOperatingExpenses": null, "interestExpense": -157526000, "extraordinaryItems": null, "nonRecurring": null, "otherItems": null, "incomeTaxExpense": 663917000, "totalRevenue": 34220449000, "totalOperatingExpenses": 30997174000, "costOfRevenue": 23407443000, "totalOtherIncomeExpenseNet": -160126000, "discontinuedOperations": null, "netIncomeFromContinuingOps": 2399232000, "netIncomeApplicableToCommonShares": 2399232000}, "2021-01-29": {"researchDevelopment": null, "effectOfAccountingCharges": null, "incomeBeforeTax": 3404380000, "minorityInterest": null, "netIncome": 2655050000, "sellingGeneralAdministrative": 7161397000, "grossProfit": 10718862000, "ebit": 3557465000, "operatingIncome": 3557465000, "otherOperatingExpenses": null, "interestExpense": -150385000, "extraordinaryItems": null, "nonRecurring": null, "otherItems": null, "incomeTaxExpense": 749330000, "totalRevenue": 33746839000, "totalOperatingExpenses": 30189374000, "costOfRevenue": 23027977000, "totalOtherIncomeExpenseNet": -153085000, "discontinuedOperations": null, "netIncomeFromContinuingOps": 2655050000, "netIncomeApplicableToCommonShares": 2655050000}, "2020-01-31": {"researchDevelopment": null, "effectOfAccountingCharges": null, "incomeBeforeTax": 2201730000, "minorityInterest": null, "netIncome": 1712555000, "sellingGeneralAdministrative": 6152157000, "grossProfit": 8489061000, "ebit": 2336904000, "operatingIncome": 2336904000, "otherOperatingExpenses": null, "interestExpense": -100574000, "extraordinaryItems": null, "nonRecurring": null, "otherItems": null, "incomeTaxExpense": 489175000, "totalRevenue": 27753973000, "totalOperatingExpenses": 25417069000, "costOfRevenue": 19264912000, "totalOtherIncomeExpenseNet": -135174000, "discontinuedOperations": null, "netIncomeFromContinuingOps": 1712555000, "netIncomeApplicableToCommonShares": 1712555000}, "2019-02-01": {"researchDevelopment": null, "effectOfAccountingCharges": null, "incomeBeforeTax": 2015416000, "minorityInterest": null, "netIncome": 1589472000, "sellingGeneralAdministrative": 5683464000, "grossProfit": 7803870000, "ebit": 2120406000, "operatingIncome": 2120406000, "otherOperatingExpenses": null, "interestExpense": -99871000, "extraordinaryItems": null, "nonRecurring": null, "otherItems": null, "incomeTaxExpense": 425944000, "totalRevenue": 25625043000, "totalOperatingExpenses": 23504637000, "costOfRevenue": 17821173000, "totalOtherIncomeExpenseNet": -104990000, "discontinuedOperations": null, "netIncomeFromContinuingOps": 1589472000, "netIncomeApplicableToCommonShares": 1589472000}}, "quarterly": {"2022-04-29": {"researchDevelopment": null, "effectOfAccountingCharges": null, "incomeBeforeTax": 706481000, "minorityInterest": null, "netIncome": 552657000, "sellingGeneralAdministrative": 1992206000, "grossProfit": 2738363000, "ebit": 746157000, "operatingIncome": 746157000, "otherOperatingExpenses": null, "interestExpense": -39676000, "extraordinaryItems": null, "nonRecurring": null, "otherItems": null, "incomeTaxExpense": 153824000, "totalRevenue": 8751352000, "totalOperatingExpenses": 8005195000, "costOfRevenue": 6012989000, "totalOtherIncomeExpenseNet": -39676000, "discontinuedOperations": null, "netIncomeFromContinuingOps": 552657000, "netIncomeApplicableToCommonShares": 552657000}, "2022-01-28": {"researchDevelopment": null, "effectOfAccountingCharges": null, "incomeBeforeTax": 758163000, "minorityInterest": null, "netIncome": 597433000, "sellingGeneralAdministrative": 1900971000, "grossProfit": 2700240000, "ebit": 799269000, "operatingIncome": 799269000, "otherOperatingExpenses": null, "interestExpense": -38506000, "extraordinaryItems": null, "nonRecurring": null, "otherItems": null, "incomeTaxExpense": 160730000, "totalRevenue": 8651448000, "totalOperatingExpenses": 7852179000, "costOfRevenue": 5951208000, "totalOtherIncomeExpenseNet": -41106000, "discontinuedOperations": null, "netIncomeFromContinuingOps": 597433000, "netIncomeApplicableToCommonShares": 597433000}, "2021-10-29": {"researchDevelopment": null, "effectOfAccountingCharges": null, "incomeBeforeTax": 626390000, "minorityInterest": null, "netIncome": 487031000, "sellingGeneralAdministrative": 1953851000, "grossProfit": 2619439000, "ebit": 665588000, "operatingIncome": 665588000, "otherOperatingExpenses": null, "interestExpense": -39198000, "extraordinaryItems": null, "nonRecurring": null, "otherItems": null, "incomeTaxExpense": 139359000, "totalRevenue": 8517839000, "totalOperatingExpenses": 7852251000, "costOfRevenue": 5898400000, "totalOtherIncomeExpenseNet": -39198000, "discontinuedOperations": null, "netIncomeFromContinuingOps": 487031000, "netIncomeApplicableToCommonShares": 487031000}, "2021-07-30": {"researchDevelopment": null, "effectOfAccountingCharges": null, "incomeBeforeTax": 810138000, "minorityInterest": null, "netIncome": 637019000, "sellingGeneralAdministrative": 1888091000, "grossProfit": 2737659000, "ebit": 849568000, "operatingIncome": 849568000, "otherOperatingExpenses": null, "interestExpense": -39430000, "extraordinaryItems": null, "nonRecurring": null, "otherItems": null, "incomeTaxExpense": 173119000, "totalRevenue": 8650198000, "totalOperatingExpenses": 7800630000, "costOfRevenue": 5912539000, "totalOtherIncomeExpenseNet": -39430000, "discontinuedOperations": null, "netIncomeFromContinuingOps": 637019000, "netIncomeApplicableToCommonShares": 637019000}}}, "cash": {"annual": {"2022-01-28": {"changeToLiabilities": 98735000, "totalCashflowsFromInvestingActivities": -1065557000, "netBorrowings": 47898000, "totalCashFromFinancingActivities": -2832002000, "changeToOperatingActivities": -92293000, "netIncome": 2399232000, "changeInCash": -1031748000, "repurchaseOfStock": -2549669000, "totalCashFromOperatingActivities": 2865811000, "depreciation": 641316000, "dividendsPaid": -392188000, "changeToInventory": -550114000, "otherCashflowsFromFinancingActivities": 61957000, "changeToNetincome": 383577000, "capitalExpenditures": -1070460000}, "2021-01-29": {"changeToLiabilities": 745596000, "totalCashflowsFromInvestingActivities": -1024910000, "netBorrowings": 1064475000, "totalCashFromFinancingActivities": -1714992000, "changeToOperatingActivities": 368470000, "netIncome": 2655050000, "changeInCash": 1136257000, "repurchaseOfStock": -2466434000, "totalCashFromOperatingActivities": 3876159000, "depreciation": 574237000, "dividendsPaid": -355926000, "changeToInventory": -575827000, "otherCashflowsFromFinancingActivities": 42893000, "changeToNetincome": 115155000, "capitalExpenditures": -1027963000}, "2020-01-31": {"changeToLiabilities": 428627000, "totalCashflowsFromInvestingActivities": -782485000, "netBorrowings": 56835000, "totalCashFromFinancingActivities": -1450680000, "changeToOperatingActivities": 78910000, "netIncome": 1712555000, "changeInCash": 4833000, "repurchaseOfStock": -1200376000, "totalCashFromOperatingActivities": 2237998000, "depreciation": 504804000, "dividendsPaid": -327568000, "changeToInventory": -578783000, "otherCashflowsFromFinancingActivities": 20429000, "changeToNetincome": 112289000, "capitalExpenditures": -784843000}, "2019-02-01": {"changeToLiabilities": 375214000, "totalCashflowsFromInvestingActivities": -731603000, "netBorrowings": -141126000, "totalCashFromFinancingActivities": -1443901000, "changeToOperatingActivities": 53608000, "netIncome": 1589472000, "changeInCash": -31954000, "repurchaseOfStock": -1007494000, "totalCashFromOperatingActivities": 2143550000, "depreciation": 454134000, "dividendsPaid": -306523000, "changeToInventory": -521342000, "otherCashflowsFromFinancingActivities": 11242000, "changeToNetincome": 136074000, "capitalExpenditures": -734380000}}, "quarterly": {"2022-04-29": {"changeToLiabilities": 172110000, "totalCashflowsFromInvestingActivities": -280844000, "netBorrowings": 702266000, "totalCashFromFinancingActivities": -177888000, "changeToOperatingActivities": -150916000, "netIncome": 552657000, "changeInCash": -9216000, "repurchaseOfStock": -746773000, "totalCashFromOperatingActivities": 449516000, "depreciation": 172563000, "dividendsPaid": -125262000, "changeToInventory": -538921000, "otherCashflowsFromFinancingActivities": -8119000, "changeToNetincome": 177209000, "capitalExpenditures": -281580000}, "2022-01-28": {"changeToLiabilities": 160491000, "totalCashflowsFromInvestingActivities": -290119000, "netBorrowings": 53610000, "totalCashFromFinancingActivities": -492809000, "changeToOperatingActivities": -53540000, "netIncome": 597433000, "changeInCash": -143833000, "repurchaseOfStock": -489762000, "totalCashFromOperatingActivities": 639095000, "depreciation": 166371000, "dividendsPaid": -96768000, "changeToInventory": -390017000, "otherCashflowsFromFinancingActivities": 40111000, "changeToNetincome": 138715000, "capitalExpenditures": -291054000}, "2021-10-29": {"changeToLiabilities": 183626000, "totalCashflowsFromInvestingActivities": -258777000, "netBorrowings": -21176000, "totalCashFromFinancingActivities": -475399000, "changeToOperatingActivities": 63347000, "netIncome": 487031000, "changeInCash": 174996000, "repurchaseOfStock": -359759000, "totalCashFromOperatingActivities": 909172000, "depreciation": 162263000, "dividendsPaid": -97313000, "changeToInventory": -80059000, "otherCashflowsFromFinancingActivities": 2849000, "changeToNetincome": 83168000, "capitalExpenditures": -260940000}, "2021-07-30": {"changeToLiabilities": 49824000, "totalCashflowsFromInvestingActivities": -239738000, "netBorrowings": 17217000, "totalCashFromFinancingActivities": -749204000, "changeToOperatingActivities": 78710000, "netIncome": 637019000, "changeInCash": -374389000, "repurchaseOfStock": -699796000, "totalCashFromOperatingActivities": 614553000, "depreciation": 158536000, "dividendsPaid": -98275000, "changeToInventory": -215770000, "otherCashflowsFromFinancingActivities": 31650000, "changeToNetincome": 66327000, "capitalExpenditures": -240736000}}}}, "DLTR": {"balance": {"annual": {"2022-01-29": {"intangibleAssets": 3100000000, "capitalSurplus": 1243900000, "totalLiab": 14003300000, "totalStockholderEquity": 7718500000, "otherCurrentLiab": 298400000, "totalAssets": 21721800000, "commonStock": 2200000, "otherCurrentAssets": 257000000, "retainedEarnings": 6507600000, "otherLiab": 1264200000, "goodWill": 1984400000, "treasuryStock": -35200000, "otherAssets": 125600000, "cash": 984900000, "totalCurrentLiabilities": 4176600000, "deferredLongTermAssetCharges": 20300000, "otherStockholderEquity": -35200000, "propertyPlantEquipment": 10902600000, "totalCurrentAssets": 5609200000, "netTangibleAssets": 2634100000, "longTermDebt": 3417000000, "inventory": 4367300000, "accountsPayable": 1884200000}, "2021-01-30": {"intangibleAssets": 3100000000, "capitalSurplus": 2138500000, "totalLiab": 13410700000, "totalStockholderEquity": 7285300000, "otherCurrentLiab": 293200000, "totalAssets": 20696000000, "commonStock": 2300000, "otherCurrentAssets": 207100000, "retainedEarnings": 5179700000, "otherLiab": 1388700000, "goodWill": 1984400000, "treasuryStock": -35200000, "otherAssets": 120400000, "cash": 1416700000, "totalCurrentLiabilities": 3730300000, "deferredLongTermAssetCharges": 23200000, "otherStockholderEquity": -35200000, "propertyPlantEquipment": 10440400000, "totalCurrentAssets": 5050800000, "netTangibleAssets": 2200900000, "longTermDebt": 3226200000, "inventory": 3427000000, "accountsPayable": 1480500000}, "2020-02-01": {"intangibleAssets": 3100000000, "capitalSurplus": 2454400000, "totalLiab": 13319800000, "totalStockholderEquity": 6254800000, "otherCurrentLiab": 260600000, "totalAssets": 19574600000, "commonStock": 2400000, "otherCurrentAssets": 208200000, "retainedEarnings": 3837800000, "otherLiab": 1271600000, "goodWill": 1983300000, "treasuryStock": -39800000, "otherAssets": 115100000, "cash": 539200000, "totalCurrentLiabilities": 3546500000, "deferredLongTermAssetCharges": 24400000, "shortLongTermDebt": 250000000, "otherStockholderEquity": -39800000, "propertyPlantEquipment": 10106800000, "totalCurrentAssets": 4269400000, "netTangibleAssets": 1171500000, "longTermDebt": 3522200000, "inventory": 3522000000, "accountsPayable": 1336500000}, "2019-02-02": {"intangibleAssets": 3388700000, "capitalSurplus": 2602700000, "totalLiab": 7858300000, "totalStockholderEquity": 5642900000, "otherCurrentLiab": 291700000, "totalAssets": 13501200000, "commonStock": 2400000, "otherCurrentAssets": 234300000, "retainedEarnings": 3076100000, "otherLiab": 1497300000, "goodWill": 2296600000, "treasuryStock": -38300000, "otherAssets": 77300000, "cash": 422100000, "totalCurrentLiabilities": 2095700000, "otherStockholderEquity": -38300000, "propertyPlantEquipment": 3445300000, "totalCurrentAssets": 4293300000, "netTangibleAssets": -42400000, "netReceivables": 100900000, "longTermDebt": 4265300000, "inventory": 3536000000, "accountsPayable": 1416400000}}, "quarterly": {"2022-04-30": {"intangibleAssets": 3100000000, "capitalSurplus": 1230600000, "totalLiab": 14130800000, "totalStockholderEquity": 8241500000, "otherCurrentLiab": 1089100000, "totalAssets": 22372300000, "commonStock": 2200000, "otherCurrentAssets": 262700000, "retainedEarnings": 7044000000, "otherLiab": 1334900000, "goodWill": 1984300000, "treasuryStock": -35300000, "otherAssets": 126800000, "cash": 1218500000, "totalCurrentLiabilities": 4289900000, "deferredLongTermAssetCharges": 19300000, "otherStockholderEquity": -35300000, "propertyPlantEquipment": 10878900000, "totalCurrentAssets": 6282300000, "netTangibleAssets": 3157200000, "longTermDebt": 3418100000, "inventory": 4801100000, "accountsPayable": 1794100000}, "2022-01-29": {"intangibleAssets": 3100000000, "capitalSurplus": 1243900000, "totalLiab": 14003300000, "totalStockholderEquity": 7718500000, "otherCurrentLiab": 298400000, "totalAssets": 21721800000, "commonStock": 2200000, "otherCurrentAssets": 257000000, "retainedEarnings": 6507600000, "otherLiab": 1264200000, "goodWill": 1984400000, "treasuryStock": -35200000, "otherAssets": 125600000, "cash": 984900000, "totalCurrentLiabilities": 4176600000, "deferredLongTermAssetCharges": 20300000, "otherStockholderEquity": -35200000, "propertyPlantEquipment": 10902600000, "totalCurrentAssets": 5609200000, "netTangibleAssets": 2634100000, "longTermDebt": 3417000000, "inventory": 4367300000, "accountsPayable": 1884200000}, "2021-10-30": {"intangibleAssets": 3100000000, "capitalSurplus": 1220100000, "totalLiab": 14145600000, "totalStockholderEquity": 7244400000, "otherCurrentLiab": 918400000, "totalAssets": 21390000000, "commonStock": 2200000, "otherCurrentAssets": 357100000, "retainedEarnings": 6053400000, "otherLiab": 1472300000, "goodWill": 1985300000, "treasuryStock": -31300000, "otherAssets": 128800000, "cash": 701400000, "totalCurrentLiabilities": 4291200000, "deferredLongTermAssetCharges": 22300000, "otherStockholderEquity": -31300000, "propertyPlantEquipment": 10801400000, "totalCurrentAssets": 5374500000, "netTangibleAssets": 2159100000, "longTermDebt": 3231100000, "inventory": 4316000000, "accountsPayable": 1984800000}, "2021-07-31": {"intangibleAssets": 3100000000, "capitalSurplus": 1204900000, "totalLiab": 13433500000, "totalStockholderEquity": 7011700000, "otherCurrentLiab": 794500000, "totalAssets": 20445200000, "commonStock": 2200000, "otherCurrentAssets": 259600000, "retainedEarnings": 5836600000, "otherLiab": 1402600000, "goodWill": 1985100000, "treasuryStock": -32000000, "otherAssets": 120600000, "cash": 720800000, "totalCurrentLiabilities": 3722700000, "deferredLongTermAssetCharges": 23900000, "otherStockholderEquity": -32000000, "propertyPlantEquipment": 10591400000, "totalCurrentAssets": 4648100000, "netTangibleAssets": 1926600000, "longTermDebt": 3229500000, "inventory": 3667700000, "accountsPayable": 1559600000}}}, "income": {"annual": {"2022-01-29": {"researchDevelopment": null, "effectOfAccountingCharges": null, "incomeBeforeTax": 1632200000, "minorityInterest": null, "netIncome": 1327900000, "sellingGeneralAdministrative": 5896800000, "grossProfit": 7746100000, "ebit": 1849300000, "operatingIncome": 1849300000, "otherOperatingExpenses": null, "interestExpense": -132400000, "extraordinaryItems": null, "nonRecurring": null, "otherItems": null, "incomeTaxExpense": 304300000, "totalRevenue": 26321200000, "totalOperatingExpenses": 24471900000, "costOfRevenue": 18575100000, "totalOtherIncomeExpenseNet": -217100000, "discontinuedOperations": null, "netIncomeFromContinuingOps": 1327900000, "netIncomeApplicableToCommonShares": 1327900000}, "2021-01-30": {"researchDevelopment": null, "effectOfAccountingCharges": null, "incomeBeforeTax": 1739800000, "minorityInterest": null, "netIncome": 1341900000, "sellingGeneralAdministrative": 5650300000, "grossProfit": 7824600000, "ebit": 2174300000, "operatingIncome": 2174300000, "otherOperatingExpenses": null, "interestExpense": -147300000, "extraordinaryItems": null, "nonRecurring": null, "otherItems": null, "incomeTaxExpense": 397900000, "totalRevenue": 25509300000, "totalOperatingExpenses": 23335000000, "costOfRevenue": 17684700000, "totalOtherIncomeExpenseNet": -434500000, "discontinuedOperations": null, "netIncomeFromContinuingOps": 1341900000, "netIncomeApplicableToCommonShares": 1341900000}, "2020-02-01": {"researchDevelopment": null, "effectOfAccountingCharges": null, "incomeBeforeTax": 1098700000, "minorityInterest": null, "netIncome": 827000000, "sellingGeneralAdministrative": 5456400000, "grossProfit": 7040700000, "ebit": 1584300000, "operatingIncome": 1584300000, "otherOperatingExpenses": null, "interestExpense": -162100000, "extraordinaryItems": null, "nonRecurring": null, "otherItems": null, "incomeTaxExpense": 271700000, "totalRevenue": 23610800000, "totalOperatingExpenses": 22026500000, "costOfRevenue": 16570100000, "totalOtherIncomeExpenseNet": -485600000, "discontinuedOperations": null, "netIncomeFromContinuingOps": 827000000, "netIncomeApplicableToCommonShares": 827000000}, "2019-02-02": {"researchDevelopment": null, "effectOfAccountingCharges": null, "incomeBeforeTax": -1309000000, "minorityInterest": null, "netIncome": -1590800000, "sellingGeneralAdministrative": 5081600000, "grossProfit": 6947500000, "ebit": 1800500000, "operatingIncome": 1800500000, "otherOperatingExpenses": null, "interestExpense": -213000000, "extraordinaryItems": null, "nonRecurring": null, "otherItems": null, "incomeTaxExpense": 281800000, "totalRevenue": 22823300000, "totalOperatingExpenses": 21022800000, "costOfRevenue": 15875800000, "totalOtherIncomeExpenseNet": -3109500000, "discontinuedOperations": null, "netIncomeFromContinuingOps": -1590800000, "netIncomeApplicableToCommonShares": -1590800000}}, "quarterly": {"2022-04-30": {"researchDevelopment": null, "effectOfAccountingCharges": null, "incomeBeforeTax": 697500000, "minorityInterest": null, "netIncome": 536400000, "sellingGeneralAdministrative": 1611500000, "grossProfit": 2343000000, "ebit": 731500000, "operatingIncome": 731500000, "otherOperatingExpenses": null, "interestExpense": -34000000, "extraordinaryItems": null, "nonRecurring": null, "otherItems": null, "incomeTaxExpense": 161100000, "totalRevenue": 6902600000, "totalOperatingExpenses": 6171100000, "costOfRevenue": 4559600000, "totalOtherIncomeExpenseNet": -34000000, "discontinuedOperations": null, "netIncomeFromContinuingOps": 536400000, "netIncomeApplicableToCommonShares": 536400000}, "2022-01-29": {"researchDevelopment": null, "effectOfAccountingCharges": null, "incomeBeforeTax": 499200000, "minorityInterest": null, "netIncome": 454200000, "sellingGeneralAdministrative": 1548400000, "grossProfit": 2143000000, "ebit": 594600000, "operatingIncome": 594600000, "otherOperatingExpenses": null, "interestExpense": -33000000, "extraordinaryItems": null, "nonRecurring": null, "otherItems": null, "incomeTaxExpense": 45000000, "totalRevenue": 7080600000, "totalOperatingExpenses": 6486000000, "costOfRevenue": 4937600000, "totalOtherIncomeExpenseNet": -95400000, "discontinuedOperations": null, "netIncomeFromContinuingOps": 454200000, "netIncomeApplicableToCommonShares": 454200000}, "2021-10-30": {"researchDevelopment": null, "effectOfAccountingCharges": null, "incomeBeforeTax": 276900000, "minorityInterest": null, "netIncome": 216800000, "sellingGeneralAdministrative": 1446700000, "grossProfit": 1768800000, "ebit": 322100000, "operatingIncome": 322100000, "otherOperatingExpenses": null, "interestExpense": -33400000, "extraordinaryItems": null, "nonRecurring": null, "otherItems": null, "incomeTaxExpense": 60100000, "totalRevenue": 6417700000, "totalOperatingExpenses": 6095600000, "costOfRevenue": 4648900000, "totalOtherIncomeExpenseNet": -45200000, "discontinuedOperations": null, "netIncomeFromContinuingOps": 216800000, "netIncomeApplicableToCommonShares": 216800000}, "2021-07-31": {"researchDevelopment": null, "effectOfAccountingCharges": null, "incomeBeforeTax": 369200000, "minorityInterest": null, "netIncome": 282400000, "sellingGeneralAdministrative": 1461800000, "grossProfit": 1864000000, "ebit": 402200000, "operatingIncome": 402200000, "otherOperatingExpenses": null, "interestExpense": -33000000, "extraordinaryItems": null, "nonRecurring": null, "otherItems": null, "incomeTaxExpense": 86800000, "totalRevenue": 6343200000, "totalOperatingExpenses": 5941000000, "costOfRevenue": 4479200000, "totalOtherIncomeExpenseNet": -33000000, "discontinuedOperations": null, "netIncomeFromContinuingOps": 282400000, "netIncomeApplicableToCommonShares": 282400000}}}, "cash": {"annual": {"2022-01-29": {"changeToLiabilities": 403800000, "totalCashflowsFromInvestingActivities": -1019900000, "netBorrowings": 197400000, "totalCashFromFinancingActivities": -836500000, "changeToOperatingActivities": -192700000, "issuanceOfStock": 17800000, "netIncome": 1327900000, "changeInCash": -425300000, "repurchaseOfStock": -992400000, "effectOfExchangeRate": -400000, "totalCashFromOperatingActivities": 1431500000, "depreciation": 716000000, "otherCashflowsFromInvestingActivities": 1300000, "changeToInventory": -940400000, "otherCashflowsFromFinancingActivities": -59300000, "changeToNetincome": 111700000, "capitalExpenditures": -1021200000}, "2021-01-30": {"changeToLiabilities": 142600000, "totalCashflowsFromInvestingActivities": -889700000, "netBorrowings": -550000000, "totalCashFromFinancingActivities": -949900000, "changeToOperatingActivities": 286900000, "issuanceOfStock": 17000000, "netIncome": 1341900000, "changeInCash": 877600000, "repurchaseOfStock": -416900000, "effectOfExchangeRate": 900000, "totalCashFromOperatingActivities": 2716300000, "depreciation": 686600000, "otherCashflowsFromInvestingActivities": 1300000, "changeToInventory": 97100000, "otherCashflowsFromFinancingActivities": -59300000, "changeToNetincome": 133600000, "capitalExpenditures": -898800000}, "2020-02-01": {"changeToLiabilities": -79800000, "totalCashflowsFromInvestingActivities": -1020200000, "netBorrowings": -500000000, "totalCashFromFinancingActivities": -709800000, "changeToOperatingActivities": 46000000, "issuanceOfStock": 15200000, "netIncome": 827000000, "changeInCash": 139300000, "repurchaseOfStock": -225000000, "effectOfExchangeRate": -500000, "totalCashFromOperatingActivities": 1869800000, "depreciation": 645400000, "otherCashflowsFromInvestingActivities": 14600000, "changeToInventory": 13600000, "otherCashflowsFromFinancingActivities": -59300000, "changeToNetincome": 408000000, "capitalExpenditures": -1034800000}, "2019-02-02": {"changeToLiabilities": 242600000, "totalCashflowsFromInvestingActivities": -816700000, "netBorrowings": -1438900000, "totalCashFromFinancingActivities": -1599900000, "changeToOperatingActivities": -123900000, "issuanceOfStock": 17500000, "netIncome": -1590800000, "changeInCash": -651100000, "repurchaseOfStock": -23200000, "effectOfExchangeRate": -500000, "totalCashFromOperatingActivities": 1766000000, "depreciation": 621100000, "otherCashflowsFromInvestingActivities": 14600000, "changeToInventory": -369200000, "otherCashflowsFromFinancingActivities": -155300000, "changeToNetincome": 2900500000, "capitalExpenditures": -817100000}}, "quarterly": {"2022-04-30": {"changeToLiabilities": 0, "totalCashflowsFromInvestingActivities": -256300000, "totalCashFromFinancingActivities": -49100000, "changeToOperatingActivities": -313700000, "issuanceOfStock": 2900000, "netIncome": 536400000, "changeInCash": 233600000, "repurchaseOfStock": -52000000, "effectOfExchangeRate": 500000, "totalCashFromOperatingActivities": 538500000, "depreciation": 188900000, "otherCashflowsFromInvestingActivities": -2900000, "changeToNetincome": 125800000, "capitalExpenditures": -253400000}, "2022-01-29": {"changeToLiabilities": 403800000, "totalCashflowsFromInvestingActivities": -273600000, "netBorrowings": 197400000, "totalCashFromFinancingActivities": 145100000, "changeToOperatingActivities": 351200000, "issuanceOfStock": 8800000, "netIncome": 454200000, "changeInCash": 283500000, "repurchaseOfStock": -1800000, "effectOfExchangeRate": -800000, "totalCashFromOperatingActivities": 412800000, "depreciation": 188700000, "otherCashflowsFromInvestingActivities": -1600000, "changeToInventory": -940400000, "otherCashflowsFromFinancingActivities": -59300000, "changeToNetincome": -45000000, "capitalExpenditures": -271600000}, "2021-10-30": {"changeToLiabilities": 0, "totalCashflowsFromInvestingActivities": -294800000, "netBorrowings": 197400000, "totalCashFromFinancingActivities": -800000, "changeToOperatingActivities": -198100000, "issuanceOfStock": 2400000, "netIncome": 216800000, "changeInCash": -12900000, "repurchaseOfStock": -3200000, "effectOfExchangeRate": 100000, "totalCashFromOperatingActivities": 282600000, "depreciation": 178500000, "otherCashflowsFromInvestingActivities": 600000, "changeToInventory": -940400000, "otherCashflowsFromFinancingActivities": -59300000, "changeToNetincome": 83800000, "capitalExpenditures": -295600000}, "2021-07-31": {"changeToLiabilities": 0, "totalCashflowsFromInvestingActivities": -228700000, "netBorrowings": 197400000, "totalCashFromFinancingActivities": -704200000, "changeToOperatingActivities": -298200000, "issuanceOfStock": 2600000, "netIncome": 282400000, "changeInCash": -753100000, "repurchaseOfStock": -706800000, "effectOfExchangeRate": -100000, "totalCashFromOperatingActivities": 179900000, "depreciation": 176100000, "otherCashflowsFromInvestingActivities": 200000, "changeToInventory": -940400000, "otherCashflowsFromFinancingActivities": -59300000, "changeToNetincome": 17900000, "capitalExpenditures": -229100000}}}}}