{"ORLY": {"balance": {"annual": {"2021-12-31": {"intangibleAssets": 49196000, "capitalSurplus": 1305508000, "totalLiab": 11785130000, "totalStockholderEquity": -66423000, "deferredLongTermLiab": 3400000, "otherCurrentLiab": 370217000, "totalAssets": 11718707000, "commonStock": 670000, "otherCurrentAssets": 70092000, "retainedEarnings": -1365802000, "otherLiab": 381780000, "goodWill": 879340000, "treasuryStock": -6799000, "otherAssets": 16360000, "cash": 362113000, "totalCurrentLiabilities": 5874615000, "otherStockholderEquity": -6799000, "propertyPlantEquipment": 6195993000, "totalCurrentAssets": 4504262000, "longTermInvestments": 73556000, "netTangibleAssets": -994959000, "netReceivables": 385674000, "longTermDebt": 3826978000, "inventory": 3686383000, "accountsPayable": 4695312000}, "2020-12-31": {"intangibleAssets": 56306000, "capitalSurplus": 1280841000, "totalLiab": 11456384000, "totalStockholderEquity": 140258000, "deferredLongTermLiab": 600000, "otherCurrentLiab": 314179000, "totalAssets": 11596642000, "commonStock": 711000, "otherCurrentAssets": 50658000, "retainedEarnings": -1139139000, "otherLiab": 352059000, "goodWill": 881030000, "treasuryStock": -2155000, "otherAssets": 29063000, "cash": 465640000, "totalCurrentLiabilities": 5262417000, "otherStockholderEquity": -2155000, "propertyPlantEquipment": 6090045000, "totalCurrentAssets": 4499787000, "longTermInvestments": 40411000, "netTangibleAssets": -797078000, "netReceivables": 330294000, "longTermDebt": 4123217000, "inventory": 3653195000, "accountsPayable": 4184662000}, "2019-12-31": {"intangibleAssets": 1789000, "capitalSurplus": 1280760000, "totalLiab": 10319820000, "totalStockholderEquity": 397340000, "deferredLongTermLiab": 1100000, "otherCurrentLiab": 270210000, "totalAssets": 10717160000, "commonStock": 756000, "otherCurrentAssets": 44757000, "retainedEarnings": -889066000, "otherLiab": 304569000, "goodWill": 936814000, "treasuryStock": 4890000, "otherAssets": 36122000, "cash": 40406000, "totalCurrentLiabilities": 4469427000, "otherStockholderEquity": 4890000, "propertyPlantEquipment": 5876572000, "totalCurrentAssets": 3833662000, "longTermInvestments": 32201000, "netTangibleAssets": -541263000, "netReceivables": 294407000, "longTermDebt": 3890527000, "inventory": 3454092000, "accountsPayable": 3604722000}, "2018-12-31": {"intangibleAssets": 8444000, "capitalSurplus": 1262063000, "totalLiab": 7627122000, "totalStockholderEquity": 353667000, "deferredLongTermLiab": 1500000, "otherCurrentLiab": 265003000, "totalAssets": 7980789000, "commonStock": 790000, "otherCurrentAssets": 48262000, "retainedEarnings": -909186000, "otherLiab": 315980000, "goodWill": 807260000, "otherAssets": 9488000, "cash": 31315000, "totalCurrentLiabilities": 3894020000, "propertyPlantEquipment": 3587002000, "totalCurrentAssets": 3543102000, "longTermInvestments": 25493000, "netTangibleAssets": -462037000, "netReceivables": 270181000, "longTermDebt": 3417122000, "inventory": 3193344000, "accountsPayable": 3376403000}}, "quarterly": {"2022-06-30": {"capitalSurplus": 1286651000, "totalLiab": 13175119000, "totalStockholderEquity": -1107430000, "otherCurrentLiab": 419872000, "totalAssets": 12067689000, "commonStock": 638000, "otherCurrentAssets": 86800000, "retainedEarnings": -2391108000, "otherLiab": 408881000, "goodWill": 881299000, "treasuryStock": -3611000, "otherAssets": 67096000, "cash": 253904000, "totalCurrentLiabilities": 6413189000, "otherStockholderEquity": -3611000, "propertyPlantEquipment": 6248354000, "totalCurrentAssets": 4799872000, "longTermInvestments": 71068000, "netTangibleAssets": -1988729000, "netReceivables": 453784000, "longTermDebt": 4669833000, "inventory": 4005384000, "accountsPayable": 5258712000}, "2022-03-31": {"capitalSurplus": 1309071000, "totalLiab": 12088662000, "totalStockholderEquity": -328273000, "otherCurrentLiab": 522064000, "totalAssets": 11760389000, "commonStock": 659000, "otherCurrentAssets": 81580000, "retainedEarnings": -1636267000, "otherLiab": 391111000, "goodWill": 881773000, "treasuryStock": -1736000, "otherAssets": 142590000, "cash": 191546000, "totalCurrentLiabilities": 6170873000, "otherStockholderEquity": -1736000, "propertyPlantEquipment": 6212645000, "totalCurrentAssets": 4523381000, "longTermInvestments": 77470000, "netTangibleAssets": -1210046000, "netReceivables": 404374000, "longTermDebt": 3827891000, "inventory": 3845881000, "accountsPayable": 4943283000}, "2021-12-31": {"intangibleAssets": 49196000, "capitalSurplus": 1305508000, "totalLiab": 11785130000, "totalStockholderEquity": -66423000, "deferredLongTermLiab": 3400000, "otherCurrentLiab": 370217000, "totalAssets": 11718707000, "commonStock": 670000, "otherCurrentAssets": 70092000, "retainedEarnings": -1365802000, "otherLiab": 381780000, "goodWill": 879340000, "treasuryStock": -6799000, "otherAssets": 16360000, "cash": 362113000, "totalCurrentLiabilities": 5874615000, "otherStockholderEquity": -6799000, "propertyPlantEquipment": 6195993000, "totalCurrentAssets": 4504262000, "longTermInvestments": 73556000, "netTangibleAssets": -994959000, "netReceivables": 385674000, "longTermDebt": 3826978000, "inventory": 3686383000, "accountsPayable": 4695312000}, "2021-09-30": {"capitalSurplus": 1296358000, "totalLiab": 11930238000, "totalStockholderEquity": -140853000, "otherCurrentLiab": 544463000, "totalAssets": 11789385000, "commonStock": 677000, "otherCurrentAssets": 72154000, "retainedEarnings": -1430060000, "otherLiab": 385398000, "goodWill": 878872000, "treasuryStock": -7828000, "otherAssets": 65492000, "cash": 449302000, "totalCurrentLiabilities": 5989754000, "otherStockholderEquity": -7828000, "propertyPlantEquipment": 6212800000, "totalCurrentAssets": 4562209000, "longTermInvestments": 70012000, "netTangibleAssets": -1019725000, "netReceivables": 393765000, "longTermDebt": 3826073000, "inventory": 3646988000, "accountsPayable": 4608549000}}}, "income": {"annual": {"2021-12-31": {"researchDevelopment": null, "effectOfAccountingCharges": null, "incomeBeforeTax": 2781914000, "minorityInterest": null, "netIncome": 2164685000, "sellingGeneralAdministrative": 3769781000, "grossProfit": 7019949000, "ebit": 2929768000, "operatingIncome": 2929768000, "otherOperatingExpenses": null, "interestExpense": -144768000, "extraordinaryItems": null, "nonRecurring": null, "otherItems": null, "incomeTaxExpense": 617229000, "totalRevenue": 13327563000, "totalOperatingExpenses": 10397795000, "costOfRevenue": 6307614000, "totalOtherIncomeExpenseNet": -147854000, "discontinuedOperations": null, "netIncomeFromContinuingOps": 2164685000, "netIncomeApplicableToCommonShares": 2164685000}, "2020-12-31": {"researchDevelopment": null, "effectOfAccountingCharges": null, "incomeBeforeTax": 2266405000, "minorityInterest": null, "netIncome": 1752302000, "sellingGeneralAdministrative": 3359956000, "grossProfit": 6085692000, "ebit": 2422736000, "operatingIncome": 2422736000, "otherOperatingExpenses": null, "interestExpense": -161126000, "extraordinaryItems": null, "nonRecurring": null, "otherItems": null, "incomeTaxExpense": 514103000, "totalRevenue": 11604493000, "totalOperatingExpenses": 9181757000, "costOfRevenue": 5518801000, "totalOtherIncomeExpenseNet": -156331000, "discontinuedOperations": null, "netIncomeFromContinuingOps": 1752302000, "netIncomeApplicableToCommonShares": 1752302000}, "2019-12-31": {"researchDevelopment": null, "effectOfAccountingCharges": null, "incomeBeforeTax": 1790329000, "minorityInterest": null, "netIncome": 1391042000, "sellingGeneralAdministrative": 3204765000, "grossProfit": 5394691000, "ebit": 1922626000, "operatingIncome": 1922626000, "otherOperatingExpenses": null, "interestExpense": -139975000, "extraordinaryItems": null, "nonRecurring": null, "otherItems": null, "incomeTaxExpense": 399287000, "totalRevenue": 10149985000, "totalOperatingExpenses": 8227359000, "costOfRevenue": 4755294000, "totalOtherIncomeExpenseNet": -132297000, "discontinuedOperations": null, "netIncomeFromContinuingOps": 1391042000, "netIncomeApplicableToCommonShares": 1391042000}, "2018-12-31": {"researchDevelopment": null, "effectOfAccountingCharges": null, "incomeBeforeTax": 1694087000, "minorityInterest": null, "netIncome": 1324487000, "sellingGeneralAdministrative": 2967382000, "grossProfit": 5039966000, "ebit": 1826584000, "operatingIncome": 1826584000, "otherOperatingExpenses": null, "interestExpense": -122129000, "extraordinaryItems": null, "nonRecurring": null, "otherItems": null, "incomeTaxExpense": 369600000, "totalRevenue": 9536428000, "totalOperatingExpenses": 7709844000, "costOfRevenue": 4496462000, "totalOtherIncomeExpenseNet": -132497000, "discontinuedOperations": null, "netIncomeFromContinuingOps": 1324487000, "netIncomeApplicableToCommonShares": 1324487000}}, "quarterly": {"2022-06-30": {"researchDevelopment": null, "effectOfAccountingCharges": null, "incomeBeforeTax": 757298000, "minorityInterest": null, "netIncome": 576760000, "sellingGeneralAdministrative": 1086168000, "grossProfit": 1884718000, "ebit": 798550000, "operatingIncome": 798550000, "otherOperatingExpenses": null, "interestExpense": -37384000, "extraordinaryItems": null, "nonRecurring": null, "otherItems": null, "incomeTaxExpense": 180538000, "totalRevenue": 3670737000, "totalOperatingExpenses": 2872187000, "costOfRevenue": 1786019000, "totalOtherIncomeExpenseNet": -41252000, "discontinuedOperations": null, "netIncomeFromContinuingOps": 576760000, "netIncomeApplicableToCommonShares": 576760000}, "2022-03-31": {"researchDevelopment": null, "effectOfAccountingCharges": null, "incomeBeforeTax": 633261000, "minorityInterest": null, "netIncome": 481880000, "sellingGeneralAdministrative": 1038542000, "grossProfit": 1708072000, "ebit": 669530000, "operatingIncome": 669530000, "otherOperatingExpenses": null, "interestExpense": -34841000, "extraordinaryItems": null, "nonRecurring": null, "otherItems": null, "incomeTaxExpense": 151381000, "totalRevenue": 3296011000, "totalOperatingExpenses": 2626481000, "costOfRevenue": 1587939000, "totalOtherIncomeExpenseNet": -39069000, "discontinuedOperations": null, "netIncomeFromContinuingOps": 481880000, "netIncomeApplicableToCommonShares": 481880000}, "2021-12-31": {"researchDevelopment": null, "effectOfAccountingCharges": null, "incomeBeforeTax": 644224000, "minorityInterest": null, "netIncome": 518973000, "sellingGeneralAdministrative": 725655000, "grossProfit": 1734536000, "ebit": 688481000, "operatingIncome": 688481000, "otherOperatingExpenses": null, "interestExpense": -34732000, "extraordinaryItems": null, "nonRecurring": null, "otherItems": null, "incomeTaxExpense": 125251000, "totalRevenue": 3291493000, "totalOperatingExpenses": 2603012000, "costOfRevenue": 1556957000, "totalOtherIncomeExpenseNet": -44257000, "discontinuedOperations": null, "netIncomeFromContinuingOps": 518973000, "netIncomeApplicableToCommonShares": 518973000}, "2021-09-30": {"researchDevelopment": null, "effectOfAccountingCharges": null, "incomeBeforeTax": 720529000, "minorityInterest": null, "netIncome": 558652000, "sellingGeneralAdministrative": 1063641000, "grossProfit": 1818240000, "ebit": 754599000, "operatingIncome": 754599000, "otherOperatingExpenses": null, "interestExpense": -34873000, "extraordinaryItems": null, "nonRecurring": null, "otherItems": null, "incomeTaxExpense": 161877000, "totalRevenue": 3479570000, "totalOperatingExpenses": 2724971000, "costOfRevenue": 1661330000, "totalOtherIncomeExpenseNet": -34070000, "discontinuedOperations": null, "netIncomeFromContinuingOps": 558652000, "netIncomeApplicableToCommonShares": 558652000}}}, "cash": {"annual": {"2021-12-31": {"investments": -180333000, "changeToLiabilities": 510911000, "totalCashflowsFromInvestingActivities": -615620000, "netBorrowings": -300000000, "totalCashFromFinancingActivities": -2694858000, "changeToOperatingActivities": 79664000, "issuanceOfStock": 84915000, "netIncome": 2164685000, "changeInCash": -103527000, "repurchaseOfStock": -2476048000, "effectOfExchangeRate": -359000, "totalCashFromOperatingActivities": 3207310000, "depreciation": 328217000, "otherCashflowsFromInvestingActivities": -1928000, "changeToInventory": -32634000, "changeToAccountReceivables": -47427000, "otherCashflowsFromFinancingActivities": -3725000, "changeToNetincome": 47167000, "capitalExpenditures": -442853000}, "2020-12-31": {"investments": -164111000, "changeToLiabilities": 580608000, "totalCashflowsFromInvestingActivities": -614895000, "netBorrowings": 236515000, "totalCashFromFinancingActivities": -1796577000, "changeToOperatingActivities": 166304000, "issuanceOfStock": 62284000, "netIncome": 1752302000, "changeInCash": 425234000, "repurchaseOfStock": -2087194000, "effectOfExchangeRate": 103000, "totalCashFromOperatingActivities": 2836603000, "depreciation": 314635000, "otherCashflowsFromInvestingActivities": -975000, "changeToInventory": -198864000, "changeToAccountReceivables": -20515000, "otherCashflowsFromFinancingActivities": -8182000, "changeToNetincome": 39814000, "capitalExpenditures": -465579000}, "2019-12-31": {"investments": -33781000, "changeToLiabilities": 213423000, "totalCashflowsFromInvestingActivities": -796746000, "netBorrowings": 473955000, "totalCashFromFinancingActivities": -902811000, "changeToOperatingActivities": 54243000, "issuanceOfStock": 60206000, "netIncome": 1391042000, "changeInCash": 9091000, "repurchaseOfStock": -1432791000, "effectOfExchangeRate": 169000, "totalCashFromOperatingActivities": 1708479000, "depreciation": 270875000, "otherCashflowsFromInvestingActivities": -142026000, "changeToInventory": -239912000, "changeToAccountReceivables": -15577000, "otherCashflowsFromFinancingActivities": -4181000, "changeToNetincome": 50608000, "capitalExpenditures": -628057000}, "2018-12-31": {"investments": -33781000, "changeToLiabilities": 177676000, "totalCashflowsFromInvestingActivities": -534302000, "netBorrowings": 439660000, "totalCashFromFinancingActivities": -1208286000, "changeToOperatingActivities": 35080000, "issuanceOfStock": 72146000, "netIncome": 1324487000, "changeInCash": -15033000, "repurchaseOfStock": -1714013000, "effectOfExchangeRate": 169000, "totalCashFromOperatingActivities": 1727555000, "depreciation": 258937000, "otherCashflowsFromInvestingActivities": -34818000, "changeToInventory": -163367000, "changeToAccountReceivables": 18138000, "otherCashflowsFromFinancingActivities": -6079000, "changeToNetincome": 50231000, "capitalExpenditures": -504268000}}, "quarterly": {"2022-06-30": {"changeToLiabilities": 315732000, "totalCashflowsFromInvestingActivities": -119884000, "netBorrowings": 847314000, "totalCashFromFinancingActivities": -519870000, "changeToOperatingActivities": 8116000, "issuanceOfStock": 15173000, "netIncome": 576760000, "changeInCash": 62358000, "repurchaseOfStock": -1376034000, "effectOfExchangeRate": 25000, "totalCashFromOperatingActivities": 702087000, "depreciation": 85122000, "otherCashflowsFromInvestingActivities": -18000, "changeToInventory": -160369000, "changeToAccountReceivables": -26915000, "otherCashflowsFromFinancingActivities": -6323000, "changeToNetincome": 28716000, "capitalExpenditures": -124931000}, "2022-03-31": {"investments": -4080000, "changeToLiabilities": 247280000, "totalCashflowsFromInvestingActivities": -104981000, "netBorrowings": 847314000, "totalCashFromFinancingActivities": -755619000, "changeToOperatingActivities": -82033000, "issuanceOfStock": 19939000, "netIncome": 481880000, "changeInCash": -170567000, "repurchaseOfStock": -775208000, "effectOfExchangeRate": 147000, "totalCashFromOperatingActivities": 689886000, "depreciation": 82923000, "otherCashflowsFromInvestingActivities": -68000, "changeToInventory": -158387000, "changeToAccountReceivables": -33678000, "otherCashflowsFromFinancingActivities": -350000, "changeToNetincome": 12571000, "capitalExpenditures": -103990000}, "2021-12-31": {"investments": -178538000, "changeToLiabilities": 86201000, "totalCashflowsFromInvestingActivities": -277884000, "netBorrowings": 847314000, "totalCashFromFinancingActivities": -451341000, "changeToOperatingActivities": -44943000, "issuanceOfStock": 17554000, "netIncome": 518973000, "changeInCash": -87189000, "repurchaseOfStock": -468887000, "effectOfExchangeRate": 53000, "totalCashFromOperatingActivities": 641983000, "depreciation": 90563000, "otherCashflowsFromInvestingActivities": -31000, "changeToInventory": -39054000, "changeToAccountReceivables": 9316000, "otherCashflowsFromFinancingActivities": -8000, "changeToNetincome": 8767000, "capitalExpenditures": -102166000}, "2021-09-30": {"investments": -27000, "changeToLiabilities": 25925000, "totalCashflowsFromInvestingActivities": -116844000, "netBorrowings": 847314000, "totalCashFromFinancingActivities": -917637000, "changeToOperatingActivities": 68029000, "issuanceOfStock": 25440000, "netIncome": 558652000, "changeInCash": -182316000, "repurchaseOfStock": -942972000, "effectOfExchangeRate": -330000, "totalCashFromOperatingActivities": 852495000, "depreciation": 78737000, "otherCashflowsFromInvestingActivities": -814000, "changeToInventory": 63000, "changeToAccountReceivables": -11384000, "otherCashflowsFromFinancingActivities": -105000, "changeToNetincome": 2521000, "capitalExpenditures": -118080000}}}}, "AZO": {"balance": {"annual": {"2021-08-28": {"capitalSurplus": 1465669000, "totalLiab": 16313735000, "totalStockholderEquity": -1797536000, "otherCurrentLiab": 246266000, "totalAssets": 14516199000, "commonStock": 230000, "otherCurrentAssets": 179756000, "retainedEarnings": -419829000, "otherLiab": 855197000, "goodWill": 302645000, "treasuryStock": -2843606000, "otherAssets": 154737000, "cash": 1171335000, "totalCurrentLiabilities": 7369754000, "deferredLongTermAssetCharges": 41043000, "otherStockholderEquity": -307986000, "propertyPlantEquipment": 7575603000, "totalCurrentAssets": 6415303000, "longTermInvestments": 67911000, "netTangibleAssets": -2100181000, "shortTermInvestments": 46007000, "netReceivables": 378392000, "longTermDebt": 5269820000, "inventory": 4639813000, "accountsPayable": 6013924000}, "2020-08-29": {"capitalSurplus": 1283495000, "totalLiab": 15301849000, "totalStockholderEquity": -877977000, "otherCurrentLiab": 216907000, "totalAssets": 14423872000, "commonStock": 237000, "otherCurrentAssets": 146883000, "retainedEarnings": -1450970000, "otherLiab": 847972000, "goodWill": 302645000, "treasuryStock": -710739000, "otherAssets": 147336000, "cash": 1750815000, "totalCurrentLiabilities": 6283091000, "deferredLongTermAssetCharges": 27843000, "otherStockholderEquity": -354252000, "propertyPlantEquipment": 7090898000, "totalCurrentAssets": 6811872000, "longTermInvestments": 71121000, "netTangibleAssets": -1180622000, "shortTermInvestments": 76118000, "netReceivables": 364774000, "longTermDebt": 5513371000, "inventory": 4473282000, "accountsPayable": 5156324000}, "2019-08-31": {"intangibleAssets": 5616000, "capitalSurplus": 1264448000, "totalLiab": 11609764000, "totalStockholderEquity": -1713851000, "otherCurrentLiab": 160893000, "totalAssets": 9895913000, "commonStock": 254000, "otherCurrentAssets": 156319000, "retainedEarnings": -1305347000, "otherLiab": 767620000, "goodWill": 302645000, "treasuryStock": -1673206000, "otherAssets": 89248000, "cash": 176300000, "totalCurrentLiabilities": 5512141000, "deferredLongTermAssetCharges": 26861000, "otherStockholderEquity": -269322000, "propertyPlantEquipment": 4398751000, "totalCurrentAssets": 5028685000, "longTermInvestments": 70968000, "netTangibleAssets": -2022112000, "shortTermInvestments": 67958000, "netReceivables": 308995000, "longTermDebt": 5206344000, "inventory": 4319113000, "accountsPayable": 4864912000}, "2018-08-25": {"intangibleAssets": 9789000, "capitalSurplus": 1155426000, "totalLiab": 10867335000, "totalStockholderEquity": -1520355000, "otherCurrentLiab": 140302000, "totalAssets": 9346980000, "commonStock": 275000, "otherCurrentAssets": 156795000, "retainedEarnings": -1208824000, "otherLiab": 730714000, "goodWill": 302645000, "treasuryStock": -1467232000, "otherAssets": 105045000, "cash": 217824000, "totalCurrentLiabilities": 5028681000, "deferredLongTermAssetCharges": 34620000, "otherStockholderEquity": -235805000, "propertyPlantEquipment": 4218400000, "totalCurrentAssets": 4635869000, "longTermInvestments": 75232000, "netTangibleAssets": -1832789000, "shortTermInvestments": 59444000, "netReceivables": 258136000, "longTermDebt": 5005930000, "inventory": 3943670000, "accountsPayable": 4409372000}}, "quarterly": {"2022-05-07": {"capitalSurplus": 1315717000, "totalLiab": 17907795000, "totalStockholderEquity": -3387230000, "otherCurrentLiab": 76625000, "totalAssets": 14520565000, "commonStock": 207000, "otherCurrentAssets": 180481000, "retainedEarnings": -2138160000, "otherLiab": 1126740000, "goodWill": 302645000, "treasuryStock": -2564994000, "otherAssets": 165795000, "cash": 263044000, "totalCurrentLiabilities": 8064076000, "deferredLongTermAssetCharges": 40707000, "otherStockholderEquity": -302191000, "propertyPlantEquipment": 7736257000, "totalCurrentAssets": 6254721000, "longTermInvestments": 61147000, "netTangibleAssets": -3689875000, "shortTermInvestments": 58262000, "netReceivables": 439820000, "longTermDebt": 6057444000, "inventory": 5313114000, "accountsPayable": 6793205000}, "2022-02-12": {"capitalSurplus": 1266015000, "totalLiab": 17215950000, "totalStockholderEquity": -3137477000, "otherCurrentLiab": 75220000, "totalAssets": 14078473000, "commonStock": 206000, "otherCurrentAssets": 186686000, "retainedEarnings": -2730731000, "otherLiab": 1048866000, "goodWill": 302645000, "treasuryStock": -1672967000, "otherAssets": 169091000, "cash": 239423000, "totalCurrentLiabilities": 7684645000, "deferredLongTermAssetCharges": 40730000, "otherStockholderEquity": -310163000, "propertyPlantEquipment": 7622850000, "totalCurrentAssets": 5903770000, "longTermInvestments": 80117000, "netTangibleAssets": -3440122000, "shortTermInvestments": 40854000, "netReceivables": 405585000, "longTermDebt": 5840884000, "inventory": 5031222000, "accountsPayable": 6378606000}, "2021-11-20": {"capitalSurplus": 1499557000, "totalLiab": 16585699000, "totalStockholderEquity": -2124750000, "otherCurrentLiab": 186752000, "totalAssets": 14460949000, "commonStock": 231000, "otherCurrentAssets": 184967000, "retainedEarnings": 135406000, "otherLiab": 1101864000, "goodWill": 302645000, "treasuryStock": -3759944000, "otherAssets": 172498000, "cash": 961125000, "totalCurrentLiabilities": 8087893000, "deferredLongTermAssetCharges": 40164000, "shortLongTermDebt": 500000000, "otherStockholderEquity": -324327000, "propertyPlantEquipment": 7575494000, "totalCurrentAssets": 6349146000, "longTermInvestments": 61166000, "netTangibleAssets": -2427395000, "shortTermInvestments": 55520000, "netReceivables": 379276000, "longTermDebt": 4771266000, "inventory": 4768258000, "accountsPayable": 6171344000}, "2021-08-28": {"capitalSurplus": 1465669000, "totalLiab": 16313735000, "totalStockholderEquity": -1797536000, "otherCurrentLiab": 246266000, "totalAssets": 14516199000, "commonStock": 230000, "otherCurrentAssets": 179756000, "retainedEarnings": -419829000, "otherLiab": 855197000, "goodWill": 302645000, "treasuryStock": -2843606000, "otherAssets": 154737000, "cash": 1171335000, "totalCurrentLiabilities": 7369754000, "deferredLongTermAssetCharges": 41043000, "otherStockholderEquity": -307986000, "propertyPlantEquipment": 7575603000, "totalCurrentAssets": 6415303000, "longTermInvestments": 67911000, "netTangibleAssets": -2100181000, "shortTermInvestments": 46007000, "netReceivables": 378392000, "longTermDebt": 5269820000, "inventory": 4639813000, "accountsPayable": 6013924000}}}, "income": {"annual": {"2021-08-28": {"researchDevelopment": null, "effectOfAccountingCharges": null, "incomeBeforeTax": 2749190000, "minorityInterest": null, "netIncome": 2170314000, "sellingGeneralAdministrative": 4730258000, "grossProfit": 7717785000, "ebit": 2987527000, "operatingIncome": 2987527000, "otherOperatingExpenses": null, "interestExpense": -200754000, "extraordinaryItems": null, "nonRecurring": null, "otherItems": null, "incomeTaxExpense": 578876000, "totalRevenue": 14629585000, "totalOperatingExpenses": 11642058000, "costOfRevenue": 6911800000, "totalOtherIncomeExpenseNet": -238337000, "discontinuedOperations": null, "netIncomeFromContinuingOps": 2170314000, "netIncomeApplicableToCommonShares": 2170314000}, "2020-08-29": {"researchDevelopment": null, "effectOfAccountingCharges": null, "incomeBeforeTax": 2216514000, "minorityInterest": null, "netIncome": 1732972000, "sellingGeneralAdministrative": 4269174000, "grossProfit": 6770753000, "ebit": 2501579000, "operatingIncome": 2501579000, "otherOperatingExpenses": null, "interestExpense": -206854000, "extraordinaryItems": null, "nonRecurring": null, "otherItems": null, "incomeTaxExpense": 483542000, "totalRevenue": 12631967000, "totalOperatingExpenses": 10130388000, "costOfRevenue": 5861214000, "totalOtherIncomeExpenseNet": -285065000, "discontinuedOperations": null, "netIncomeFromContinuingOps": 1732972000, "netIncomeApplicableToCommonShares": 1732972000}, "2019-08-31": {"researchDevelopment": null, "effectOfAccountingCharges": null, "incomeBeforeTax": 2031333000, "minorityInterest": null, "netIncome": 1617221000, "sellingGeneralAdministrative": 4148864000, "grossProfit": 6365001000, "ebit": 2216137000, "operatingIncome": 2216137000, "otherOperatingExpenses": null, "interestExpense": -192200000, "extraordinaryItems": null, "nonRecurring": null, "otherItems": null, "incomeTaxExpense": 414112000, "totalRevenue": 11863743000, "totalOperatingExpenses": 9647606000, "costOfRevenue": 5498742000, "totalOtherIncomeExpenseNet": -184804000, "discontinuedOperations": null, "netIncomeFromContinuingOps": 1617221000, "netIncomeApplicableToCommonShares": 1617221000}, "2018-08-25": {"researchDevelopment": null, "effectOfAccountingCharges": null, "incomeBeforeTax": 1636329000, "minorityInterest": null, "netIncome": 1337536000, "sellingGeneralAdministrative": 3839428000, "grossProfit": 5973746000, "ebit": 2134318000, "operatingIncome": 2134318000, "otherOperatingExpenses": null, "interestExpense": -180163000, "extraordinaryItems": null, "nonRecurring": null, "otherItems": null, "incomeTaxExpense": 298793000, "totalRevenue": 11221077000, "totalOperatingExpenses": 9086759000, "costOfRevenue": 5247331000, "totalOtherIncomeExpenseNet": -497989000, "discontinuedOperations": null, "netIncomeFromContinuingOps": 1337536000, "netIncomeApplicableToCommonShares": 1337536000}}, "quarterly": {"2022-05-07": {"researchDevelopment": null, "effectOfAccountingCharges": null, "incomeBeforeTax": 743782000, "minorityInterest": null, "netIncome": 592571000, "sellingGeneralAdministrative": 1220744000, "grossProfit": 2006414000, "ebit": 785670000, "operatingIncome": 785670000, "otherOperatingExpenses": null, "interestExpense": -41888000, "extraordinaryItems": null, "nonRecurring": null, "otherItems": null, "incomeTaxExpense": 151211000, "totalRevenue": 3865222000, "totalOperatingExpenses": 3079552000, "costOfRevenue": 1858808000, "totalOtherIncomeExpenseNet": -41888000, "discontinuedOperations": null, "netIncomeFromContinuingOps": 592571000, "netIncomeApplicableToCommonShares": 592571000}, "2022-02-12": {"researchDevelopment": null, "effectOfAccountingCharges": null, "incomeBeforeTax": 584289000, "minorityInterest": null, "netIncome": 471755000, "sellingGeneralAdministrative": 1158466000, "grossProfit": 1785226000, "ebit": 626760000, "operatingIncome": 626760000, "otherOperatingExpenses": null, "interestExpense": -42471000, "extraordinaryItems": null, "nonRecurring": null, "otherItems": null, "incomeTaxExpense": 112534000, "totalRevenue": 3369750000, "totalOperatingExpenses": 2742990000, "costOfRevenue": 1584524000, "totalOtherIncomeExpenseNet": -42471000, "discontinuedOperations": null, "netIncomeFromContinuingOps": 471755000, "netIncomeApplicableToCommonShares": 471755000}, "2021-11-20": {"researchDevelopment": null, "effectOfAccountingCharges": null, "incomeBeforeTax": 711201000, "minorityInterest": null, "netIncome": 555235000, "sellingGeneralAdministrative": 1170675000, "grossProfit": 1925160000, "ebit": 754485000, "operatingIncome": 754485000, "otherOperatingExpenses": null, "interestExpense": -43284000, "extraordinaryItems": null, "nonRecurring": null, "otherItems": null, "incomeTaxExpense": 155966000, "totalRevenue": 3668904000, "totalOperatingExpenses": 2914419000, "costOfRevenue": 1743744000, "totalOtherIncomeExpenseNet": -43284000, "discontinuedOperations": null, "netIncomeFromContinuingOps": 555235000, "netIncomeApplicableToCommonShares": 555235000}, "2021-08-28": {"researchDevelopment": null, "effectOfAccountingCharges": null, "incomeBeforeTax": 985910000, "minorityInterest": null, "netIncome": 785771000, "sellingGeneralAdministrative": 1526809000, "grossProfit": 2567839000, "ebit": 1041030000, "operatingIncome": 1041030000, "otherOperatingExpenses": null, "interestExpense": -63537000, "extraordinaryItems": null, "nonRecurring": null, "otherItems": null, "incomeTaxExpense": 200139000, "totalRevenue": 4913484000, "totalOperatingExpenses": 3872454000, "costOfRevenue": 2345645000, "totalOtherIncomeExpenseNet": -55120000, "discontinuedOperations": null, "netIncomeFromContinuingOps": 785771000, "netIncomeApplicableToCommonShares": 785771000}}}, "cash": {"annual": {"2021-08-28": {"investments": -9995000, "changeToLiabilities": 1029912000, "totalCashflowsFromInvestingActivities": -601778000, "netBorrowings": -309853000, "totalCashFromFinancingActivities": -3500417000, "changeToOperatingActivities": -3815000, "issuanceOfStock": 187757000, "netIncome": 2170314000, "changeInCash": -579480000, "repurchaseOfStock": -3378321000, "effectOfExchangeRate": 4172000, "totalCashFromOperatingActivities": 3518543000, "depreciation": 407683000, "changeToInventory": -138517000, "changeToAccountReceivables": -11039000, "changeToNetincome": 21680000, "capitalExpenditures": -621767000}, "2020-08-29": {"investments": -51902000, "changeToLiabilities": 531131000, "totalCashflowsFromInvestingActivities": -497875000, "netBorrowings": 267842000, "totalCashFromFinancingActivities": -643636000, "changeToOperatingActivities": 104463000, "issuanceOfStock": 68392000, "netIncome": 1732972000, "changeInCash": 1574515000, "repurchaseOfStock": -930903000, "effectOfExchangeRate": -4082000, "totalCashFromOperatingActivities": 2720108000, "depreciation": 397466000, "changeToInventory": -184174000, "changeToAccountReceivables": -58564000, "otherCashflowsFromFinancingActivities": -48967000, "changeToNetincome": 95912000, "capitalExpenditures": -457736000}, "2019-08-31": {"investments": -2398000, "changeToLiabilities": 464176000, "totalCashflowsFromInvestingActivities": -491846000, "netBorrowings": 151393000, "totalCashFromFinancingActivities": -1674088000, "changeToOperatingActivities": 43839000, "issuanceOfStock": 188819000, "netIncome": 1617221000, "changeInCash": -41524000, "repurchaseOfStock": -2004896000, "effectOfExchangeRate": -4103000, "totalCashFromOperatingActivities": 2128513000, "depreciation": 369957000, "changeToInventory": -394147000, "changeToAccountReceivables": -48512000, "otherCashflowsFromFinancingActivities": -9404000, "changeToNetincome": 78306000, "capitalExpenditures": -496050000}, "2018-08-25": {"investments": -34892000, "changeToLiabilities": 319609000, "totalCashflowsFromInvestingActivities": -521860000, "netBorrowings": -128804000, "totalCashFromFinancingActivities": -1632154000, "changeToOperatingActivities": 26114000, "issuanceOfStock": 89715000, "netIncome": 1337536000, "changeInCash": -75446000, "repurchaseOfStock": -1592013000, "effectOfExchangeRate": -1724000, "totalCashFromOperatingActivities": 2080292000, "depreciation": 345084000, "otherCashflowsFromInvestingActivities": -459000, "changeToInventory": -188782000, "changeToAccountReceivables": 7534000, "otherCashflowsFromFinancingActivities": -1052000, "changeToNetincome": 231242000, "capitalExpenditures": -521788000}}, "quarterly": {"2022-05-07": {"investments": -640000, "changeToLiabilities": 376394000, "totalCashflowsFromInvestingActivities": -149406000, "netBorrowings": 197443000, "totalCashFromFinancingActivities": -670923000, "changeToOperatingActivities": 22247000, "issuanceOfStock": 31633000, "netIncome": 592571000, "changeInCash": 23621000, "repurchaseOfStock": -899999000, "effectOfExchangeRate": 582000, "totalCashFromOperatingActivities": 843368000, "depreciation": 102083000, "changeToInventory": -277628000, "changeToAccountReceivables": -33976000, "changeToNetincome": 58115000, "capitalExpenditures": -161207000}, "2022-02-12": {"investments": -26063000, "changeToLiabilities": 189565000, "totalCashflowsFromInvestingActivities": -120352000, "netBorrowings": 550687000, "totalCashFromFinancingActivities": -963954000, "changeToOperatingActivities": -64343000, "issuanceOfStock": 45357000, "netIncome": 471755000, "changeInCash": -721702000, "repurchaseOfStock": -1559998000, "effectOfExchangeRate": 788000, "totalCashFromOperatingActivities": 361816000, "depreciation": 99692000, "changeToInventory": -256471000, "changeToAccountReceivables": -25809000, "changeToNetincome": 39330000, "capitalExpenditures": -105874000}, "2021-11-20": {"investments": -3317000, "changeToLiabilities": 89268000, "totalCashflowsFromInvestingActivities": -90961000, "netBorrowings": -13687000, "totalCashFromFinancingActivities": -895946000, "changeToOperatingActivities": 29960000, "issuanceOfStock": 21100000, "netIncome": 555235000, "changeInCash": -210210000, "repurchaseOfStock": -899997000, "effectOfExchangeRate": -1233000, "totalCashFromOperatingActivities": 777930000, "depreciation": 99590000, "changeToInventory": -136988000, "changeToAccountReceivables": -1576000, "otherCashflowsFromFinancingActivities": -3362000, "changeToNetincome": 32391000, "capitalExpenditures": -102269000}, "2021-08-28": {"investments": -25802000, "changeToLiabilities": 394854000, "totalCashflowsFromInvestingActivities": -243115000, "netBorrowings": -15009000, "totalCashFromFinancingActivities": -849175000, "changeToOperatingActivities": -14030000, "issuanceOfStock": 65833000, "netIncome": 785771000, "changeInCash": 195689000, "repurchaseOfStock": -899999000, "effectOfExchangeRate": -217000, "totalCashFromOperatingActivities": 1288196000, "depreciation": 129639000, "changeToInventory": 23754000, "changeToAccountReceivables": -19374000, "otherCashflowsFromFinancingActivities": -3362000, "changeToNetincome": -22428000, "capitalExpenditures": -246114000}}}}, "CPRT": {"balance": {"annual": {"2021-07-31": {"intangibleAssets": 68643000, "capitalSurplus": 761834000, "totalLiab": 1032942000, "totalStockholderEquity": 3529201000, "otherCurrentLiab": 134102000, "totalAssets": 4562143000, "commonStock": 24000, "otherCurrentAssets": 479451000, "retainedEarnings": 2868203000, "otherLiab": 116314000, "goodWill": 355717000, "treasuryStock": -100860000, "otherAssets": 41831000, "cash": 1048260000, "totalCurrentLiabilities": 421031000, "otherStockholderEquity": -100860000, "propertyPlantEquipment": 2393341000, "totalCurrentAssets": 1702611000, "netTangibleAssets": 3104841000, "netReceivables": 115638000, "longTermDebt": 397636000, "inventory": 44968000, "accountsPayable": 163237000}, "2020-07-31": {"intangibleAssets": 66893000, "capitalSurplus": 672727000, "totalLiab": 965745000, "totalStockholderEquity": 2489516000, "otherCurrentLiab": 100962000, "totalAssets": 3455261000, "commonStock": 24000, "otherCurrentAssets": 333880000, "retainedEarnings": 1937853000, "otherLiab": 116651000, "goodWill": 343622000, "treasuryStock": -121088000, "otherAssets": 39934000, "cash": 477718000, "totalCurrentLiabilities": 356044000, "otherStockholderEquity": -121088000, "propertyPlantEquipment": 2041053000, "totalCurrentAssets": 963759000, "netTangibleAssets": 2079001000, "netReceivables": 116751000, "longTermDebt": 396900000, "inventory": 20080000, "accountsPayable": 132919000}, "2019-07-31": {"intangibleAssets": 70990000, "capitalSurplus": 572559000, "totalLiab": 769236000, "totalStockholderEquity": 1778381000, "otherCurrentLiab": 83369000, "totalAssets": 2547617000, "commonStock": 23000, "otherCurrentAssets": 357383000, "retainedEarnings": 1338328000, "otherLiab": 87141000, "goodWill": 333321000, "treasuryStock": -132529000, "otherAssets": 44247000, "cash": 186319000, "totalCurrentLiabilities": 282004000, "deferredLongTermAssetCharges": 411000, "otherStockholderEquity": -132529000, "propertyPlantEquipment": 1411892000, "totalCurrentAssets": 687167000, "netTangibleAssets": 1374070000, "netReceivables": 105956000, "longTermDebt": 400091000, "inventory": 20941000, "accountsPayable": 113947000}, "2018-07-31": {"intangibleAssets": 79572000, "capitalSurplus": 526858000, "totalLiab": 726599000, "totalStockholderEquity": 1581099000, "otherCurrentLiab": 67604000, "totalAssets": 2307698000, "commonStock": 23000, "otherCurrentAssets": 264376000, "retainedEarnings": 1162146000, "otherLiab": 50596000, "goodWill": 337235000, "treasuryStock": -107928000, "otherAssets": 33030000, "cash": 274520000, "totalCurrentLiabilities": 277256000, "deferredLongTermAssetCharges": 470000, "shortLongTermDebt": 1151000, "otherStockholderEquity": -107928000, "propertyPlantEquipment": 1148745000, "totalCurrentAssets": 709116000, "netTangibleAssets": 1164292000, "netReceivables": 136821000, "longTermDebt": 398747000, "inventory": 16734000, "accountsPayable": 133717000}}, "quarterly": {"2022-04-30": {"intangibleAssets": 65214000, "capitalSurplus": 811900000, "totalLiab": 1090820000, "totalStockholderEquity": 4353054000, "otherCurrentLiab": 27994000, "totalAssets": 5443874000, "commonStock": 24000, "otherCurrentAssets": 566131000, "retainedEarnings": 3693726000, "otherLiab": 139382000, "goodWill": 348000000, "treasuryStock": -152596000, "otherAssets": 73779000, "cash": 1454818000, "totalCurrentLiabilities": 449095000, "otherStockholderEquity": -152596000, "propertyPlantEquipment": 2499455000, "totalCurrentAssets": 2457426000, "netTangibleAssets": 3939840000, "shortTermInvestments": 224889000, "netReceivables": 135392000, "longTermDebt": 402733000, "inventory": 56988000, "accountsPayable": 398414000}, "2022-01-31": {"intangibleAssets": 66369000, "capitalSurplus": 797955000, "totalLiab": 1047100000, "totalStockholderEquity": 4089856000, "otherCurrentLiab": 27035000, "totalAssets": 5136956000, "commonStock": 24000, "otherCurrentAssets": 630737000, "retainedEarnings": 3415379000, "otherLiab": 126952000, "goodWill": 352908000, "treasuryStock": -123502000, "otherAssets": 55622000, "cash": 971651000, "totalCurrentLiabilities": 417860000, "otherStockholderEquity": -123502000, "propertyPlantEquipment": 2472684000, "totalCurrentAssets": 2189373000, "netTangibleAssets": 3670579000, "shortTermInvestments": 374866000, "netReceivables": 139214000, "longTermDebt": 403829000, "inventory": 52979000, "accountsPayable": 367699000}, "2021-10-31": {"intangibleAssets": 66727000, "capitalSurplus": 776858000, "totalLiab": 1125031000, "totalStockholderEquity": 3793821000, "otherCurrentLiab": 57126000, "totalAssets": 4918852000, "commonStock": 24000, "otherCurrentAssets": 562362000, "retainedEarnings": 3128317000, "otherLiab": 123260000, "goodWill": 354062000, "treasuryStock": -111378000, "otherAssets": 39141000, "cash": 1298373000, "totalCurrentLiabilities": 491911000, "otherStockholderEquity": -111378000, "propertyPlantEquipment": 2419142000, "totalCurrentAssets": 2039780000, "netTangibleAssets": 3373032000, "netReceivables": 116806000, "longTermDebt": 408940000, "inventory": 48194000, "accountsPayable": 411249000}, "2021-07-31": {"intangibleAssets": 68643000, "capitalSurplus": 761834000, "totalLiab": 1032942000, "totalStockholderEquity": 3529201000, "otherCurrentLiab": 134102000, "totalAssets": 4562143000, "commonStock": 24000, "otherCurrentAssets": 479451000, "retainedEarnings": 2868203000, "otherLiab": 116314000, "goodWill": 355717000, "treasuryStock": -100860000, "otherAssets": 41831000, "cash": 1048260000, "totalCurrentLiabilities": 421031000, "otherStockholderEquity": -100860000, "propertyPlantEquipment": 2393341000, "totalCurrentAssets": 1702611000, "netTangibleAssets": 3104841000, "netReceivables": 115638000, "longTermDebt": 397636000, "inventory": 44968000, "accountsPayable": 163237000}}}, "income": {"annual": {"2021-07-31": {"researchDevelopment": null, "effectOfAccountingCharges": null, "incomeBeforeTax": 1121846000, "minorityInterest": null, "netIncome": 936495000, "sellingGeneralAdministrative": 241025000, "grossProfit": 1377451000, "ebit": 1136426000, "operatingIncome": 1136426000, "otherOperatingExpenses": null, "interestExpense": -20247000, "extraordinaryItems": null, "nonRecurring": null, "otherItems": null, "incomeTaxExpense": 185351000, "totalRevenue": 2692511000, "totalOperatingExpenses": 1556085000, "costOfRevenue": 1315060000, "totalOtherIncomeExpenseNet": -14580000, "discontinuedOperations": null, "netIncomeFromContinuingOps": 936495000, "netIncomeApplicableToCommonShares": 936495000}, "2020-07-31": {"researchDevelopment": null, "effectOfAccountingCharges": null, "incomeBeforeTax": 800839000, "minorityInterest": null, "netIncome": 699907000, "sellingGeneralAdministrative": 233521000, "grossProfit": 1049620000, "ebit": 816099000, "operatingIncome": 816099000, "otherOperatingExpenses": null, "interestExpense": -18871000, "extraordinaryItems": null, "nonRecurring": null, "otherItems": null, "incomeTaxExpense": 100932000, "totalRevenue": 2205583000, "totalOperatingExpenses": 1389484000, "costOfRevenue": 1155963000, "totalOtherIncomeExpenseNet": -15260000, "discontinuedOperations": null, "netIncomeFromContinuingOps": 699907000, "netIncomeApplicableToCommonShares": 699907000}, "2019-07-31": {"researchDevelopment": null, "effectOfAccountingCharges": null, "incomeBeforeTax": 704951000, "minorityInterest": null, "netIncome": 591693000, "sellingGeneralAdministrative": 212467000, "grossProfit": 928942000, "ebit": 716475000, "operatingIncome": 716475000, "otherOperatingExpenses": null, "interestExpense": -17585000, "extraordinaryItems": null, "nonRecurring": null, "otherItems": null, "incomeTaxExpense": 113258000, "totalRevenue": 2041957000, "totalOperatingExpenses": 1325482000, "costOfRevenue": 1113015000, "totalOtherIncomeExpenseNet": -11524000, "discontinuedOperations": null, "netIncomeFromContinuingOps": 591693000, "netIncomeApplicableToCommonShares": 591693000}, "2018-07-31": {"researchDevelopment": null, "effectOfAccountingCharges": null, "incomeBeforeTax": 562511000, "minorityInterest": null, "netIncome": 417867000, "sellingGeneralAdministrative": 176890000, "grossProfit": 762366000, "ebit": 585476000, "operatingIncome": 585476000, "otherOperatingExpenses": null, "interestExpense": -20368000, "extraordinaryItems": null, "nonRecurring": null, "otherItems": null, "incomeTaxExpense": 144504000, "totalRevenue": 1805695000, "totalOperatingExpenses": 1220219000, "costOfRevenue": 1043329000, "totalOtherIncomeExpenseNet": -22965000, "discontinuedOperations": null, "netIncomeFromContinuingOps": 418007000, "netIncomeApplicableToCommonShares": 417867000}}, "quarterly": {"2022-04-30": {"researchDevelopment": null, "effectOfAccountingCharges": null, "incomeBeforeTax": 369605000, "minorityInterest": null, "netIncome": 278620000, "sellingGeneralAdministrative": 71671000, "grossProfit": 444426000, "ebit": 372755000, "operatingIncome": 372755000, "otherOperatingExpenses": null, "interestExpense": -4492000, "extraordinaryItems": null, "nonRecurring": null, "otherItems": null, "incomeTaxExpense": 90985000, "totalRevenue": 939941000, "totalOperatingExpenses": 567186000, "costOfRevenue": 495515000, "totalOtherIncomeExpenseNet": -3150000, "discontinuedOperations": null, "netIncomeFromContinuingOps": 278620000, "netIncomeApplicableToCommonShares": 278620000}, "2022-01-31": {"researchDevelopment": null, "effectOfAccountingCharges": null, "incomeBeforeTax": 342055000, "minorityInterest": null, "netIncome": 287412000, "sellingGeneralAdministrative": 65010000, "grossProfit": 412338000, "ebit": 347328000, "operatingIncome": 347328000, "otherOperatingExpenses": null, "interestExpense": -4433000, "extraordinaryItems": null, "nonRecurring": null, "otherItems": null, "incomeTaxExpense": 54643000, "totalRevenue": 867460000, "totalOperatingExpenses": 520132000, "costOfRevenue": 455122000, "totalOtherIncomeExpenseNet": -5273000, "discontinuedOperations": null, "netIncomeFromContinuingOps": 287412000, "netIncomeApplicableToCommonShares": 287412000}, "2021-10-31": {"researchDevelopment": null, "effectOfAccountingCharges": null, "incomeBeforeTax": 325826000, "minorityInterest": null, "netIncome": 260363000, "sellingGeneralAdministrative": 63968000, "grossProfit": 394089000, "ebit": 330121000, "operatingIncome": 330121000, "otherOperatingExpenses": null, "interestExpense": -5107000, "extraordinaryItems": null, "nonRecurring": null, "otherItems": null, "incomeTaxExpense": 65463000, "totalRevenue": 810132000, "totalOperatingExpenses": 480011000, "costOfRevenue": 416043000, "totalOtherIncomeExpenseNet": -4295000, "discontinuedOperations": null, "netIncomeFromContinuingOps": 260363000, "netIncomeApplicableToCommonShares": 260363000}, "2021-07-31": {"researchDevelopment": null, "effectOfAccountingCharges": null, "incomeBeforeTax": 299044000, "minorityInterest": null, "netIncome": 255974000, "sellingGeneralAdministrative": 64505000, "grossProfit": 366005000, "ebit": 301500000, "operatingIncome": 301500000, "otherOperatingExpenses": null, "interestExpense": -5020000, "extraordinaryItems": null, "nonRecurring": null, "otherItems": null, "incomeTaxExpense": 43070000, "totalRevenue": 748630000, "totalOperatingExpenses": 447130000, "costOfRevenue": 382625000, "totalOtherIncomeExpenseNet": -2456000, "discontinuedOperations": null, "netIncomeFromContinuingOps": 255974000, "netIncomeApplicableToCommonShares": 255974000}}}, "cash": {"annual": {"2021-07-31": {"changeToLiabilities": 53394000, "totalCashflowsFromInvestingActivities": -465466000, "netBorrowings": -1118000, "totalCashFromFinancingActivities": 40922000, "changeToOperatingActivities": -12881000, "issuanceOfStock": 48185000, "netIncome": 936495000, "changeInCash": 570542000, "repurchaseOfStock": -6145000, "effectOfExchangeRate": 4195000, "totalCashFromOperatingActivities": 990891000, "depreciation": 112400000, "changeToInventory": -24602000, "changeToAccountReceivables": -127513000, "changeToNetincome": 27130000, "capitalExpenditures": -462996000}, "2020-07-31": {"changeToLiabilities": 43263000, "totalCashflowsFromInvestingActivities": -601208000, "netBorrowings": -1065000, "totalCashFromFinancingActivities": -27414000, "changeToOperatingActivities": 2657000, "issuanceOfStock": 79916000, "netIncome": 699907000, "changeInCash": 291399000, "repurchaseOfStock": -103451000, "effectOfExchangeRate": 2136000, "totalCashFromOperatingActivities": 917885000, "depreciation": 91000000, "changeToInventory": 1348000, "changeToAccountReceivables": 15993000, "otherCashflowsFromFinancingActivities": -2814000, "changeToNetincome": 47562000, "capitalExpenditures": -591972000}, "2019-07-31": {"changeToLiabilities": 13182000, "totalCashflowsFromInvestingActivities": -356267000, "netBorrowings": -1065000, "totalCashFromFinancingActivities": -370304000, "changeToOperatingActivities": -28019000, "issuanceOfStock": 41581000, "netIncome": 591693000, "changeInCash": -88201000, "repurchaseOfStock": -411885000, "effectOfExchangeRate": -8276000, "totalCashFromOperatingActivities": 646646000, "depreciation": 77300000, "changeToInventory": -4719000, "changeToAccountReceivables": -60808000, "otherCashflowsFromFinancingActivities": -2814000, "changeToNetincome": 43529000, "capitalExpenditures": -373883000}, "2018-07-31": {"changeToLiabilities": 52800000, "totalCashflowsFromInvestingActivities": -288476000, "netBorrowings": -231000000, "totalCashFromFinancingActivities": -182038000, "changeToOperatingActivities": -4646000, "issuanceOfStock": 50312000, "netIncome": 417867000, "changeInCash": 64420000, "repurchaseOfStock": -1115000, "effectOfExchangeRate": -135000, "totalCashFromOperatingActivities": 535069000, "depreciation": 72898000, "changeToInventory": -3959000, "changeToAccountReceivables": -40335000, "otherCashflowsFromFinancingActivities": -235000, "changeToNetincome": 46367000, "capitalExpenditures": -287910000}}, "quarterly": {"2022-04-30": {"investments": 149977000, "changeToLiabilities": 35701000, "totalCashflowsFromInvestingActivities": 72713000, "netBorrowings": -158000, "totalCashFromFinancingActivities": 2484000, "changeToOperatingActivities": -8527000, "issuanceOfStock": 4127000, "netIncome": 278620000, "changeInCash": 483167000, "repurchaseOfStock": -273000, "effectOfExchangeRate": -9336000, "totalCashFromOperatingActivities": 417306000, "depreciation": 36025000, "changeToInventory": -4778000, "changeToAccountReceivables": 43127000, "otherCashflowsFromFinancingActivities": -1212000, "changeToNetincome": 17742000, "capitalExpenditures": -78610000}, "2022-01-31": {"investments": -374866000, "changeToLiabilities": -50602000, "totalCashflowsFromInvestingActivities": -466400000, "netBorrowings": -157000, "totalCashFromFinancingActivities": 10928000, "changeToOperatingActivities": -30664000, "issuanceOfStock": 11435000, "netIncome": 287412000, "changeInCash": -326722000, "repurchaseOfStock": -350000, "effectOfExchangeRate": -5258000, "totalCashFromOperatingActivities": 134008000, "depreciation": 33867000, "changeToInventory": -5126000, "changeToAccountReceivables": -70087000, "otherCashflowsFromFinancingActivities": -1212000, "changeToNetincome": 8948000, "capitalExpenditures": -91504000}, "2021-10-31": {"investments": -374866000, "changeToLiabilities": 61034000, "totalCashflowsFromInvestingActivities": -63883000, "netBorrowings": -157000, "totalCashFromFinancingActivities": 5166000, "changeToOperatingActivities": -18244000, "issuanceOfStock": 5572000, "netIncome": 260363000, "changeInCash": 250113000, "repurchaseOfStock": -249000, "effectOfExchangeRate": -3710000, "totalCashFromOperatingActivities": 312540000, "depreciation": 31760000, "changeToInventory": -3463000, "changeToAccountReceivables": -82676000, "otherCashflowsFromFinancingActivities": -1212000, "changeToNetincome": 17794000, "capitalExpenditures": -64696000}, "2021-07-31": {"investments": -374866000, "changeToLiabilities": -2987000, "totalCashflowsFromInvestingActivities": -101670000, "netBorrowings": -156000, "totalCashFromFinancingActivities": 9113000, "changeToOperatingActivities": -7372000, "issuanceOfStock": 14476000, "netIncome": 255974000, "changeInCash": 136370000, "repurchaseOfStock": -5207000, "effectOfExchangeRate": 241000, "totalCashFromOperatingActivities": 228686000, "depreciation": 20093000, "changeToInventory": -5814000, "changeToAccountReceivables": -45920000, "otherCashflowsFromFinancingActivities": -1212000, "changeToNetincome": 18922000, "capitalExpenditures": -98601000}}}}, "KMX": {"balance": {"annual": {"2022-02-28": {"capitalSurplus": 1677268000, "totalLiab": 21102825000, "totalStockholderEquity": 5235439000, "otherCurrentLiab": 221000000, "totalAssets": 26338264000, "commonStock": 80527000, "otherCurrentAssets": 761021000, "retainedEarnings": 3524066000, "otherLiab": 211901000, "goodWill": 141258000, "treasuryStock": -46422000, "otherAssets": 503090000, "cash": 102716000, "totalCurrentLiabilities": 2047457000, "deferredLongTermAssetCharges": 120931000, "shortLongTermDebt": 532272000, "otherStockholderEquity": -46422000, "propertyPlantEquipment": 3746425000, "totalCurrentAssets": 6549290000, "longTermInvestments": 108500000, "netTangibleAssets": 5094181000, "netReceivables": 560984000, "longTermDebt": 18175019000, "inventory": 5124569000, "accountsPayable": 937717000}, "2021-02-28": {"capitalSurplus": 1513821000, "totalLiab": 17176928000, "totalStockholderEquity": 4364613000, "otherCurrentLiab": 150918000, "totalAssets": 21541541000, "commonStock": 81586000, "otherCurrentAssets": 588248000, "retainedEarnings": 2887897000, "otherLiab": 314749000, "goodWill": 653000, "treasuryStock": -118691000, "otherAssets": 294158000, "cash": 132319000, "totalCurrentLiabilities": 1698548000, "deferredLongTermAssetCharges": 164261000, "shortLongTermDebt": 452579000, "otherStockholderEquity": -118691000, "propertyPlantEquipment": 3487215000, "totalCurrentAssets": 4116796000, "longTermInvestments": 152900000, "netTangibleAssets": 4363960000, "netReceivables": 239070000, "longTermDebt": 14619919000, "inventory": 3157159000, "accountsPayable": 799333000}, "2020-02-29": {"capitalSurplus": 1348988000, "totalLiab": 17313307000, "totalStockholderEquity": 3768875000, "otherCurrentLiab": 116389000, "totalAssets": 21082182000, "commonStock": 81541000, "otherCurrentAssets": 567970000, "retainedEarnings": 2488417000, "otherLiab": 314546000, "treasuryStock": -150071000, "otherAssets": 191888000, "cash": 58211000, "totalCurrentLiabilities": 1534707000, "deferredLongTermAssetCharges": 89842000, "shortLongTermDebt": 433416000, "otherStockholderEquity": -150071000, "propertyPlantEquipment": 3518196000, "totalCurrentAssets": 3663687000, "longTermInvestments": 156700000, "netTangibleAssets": 3768875000, "netReceivables": 191090000, "longTermDebt": 14944056000, "inventory": 2846416000, "accountsPayable": 737144000}, "2019-02-28": {"capitalSurplus": 1237153000, "totalLiab": 15360839000, "totalStockholderEquity": 3357028000, "otherCurrentLiab": 104584000, "totalAssets": 18717867000, "commonStock": 83739000, "otherCurrentAssets": 507770000, "retainedEarnings": 2104146000, "otherLiab": 272796000, "treasuryStock": -68010000, "otherAssets": 163609000, "cash": 46938000, "totalCurrentLiabilities": 1311509000, "deferredLongTermAssetCharges": 61346000, "shortLongTermDebt": 395221000, "otherStockholderEquity": -68010000, "propertyPlantEquipment": 2828058000, "totalCurrentAssets": 3214013000, "longTermInvestments": 83700000, "netTangibleAssets": 3357028000, "netReceivables": 139850000, "longTermDebt": 13776534000, "inventory": 2519455000, "accountsPayable": 593171000}}, "quarterly": {"2022-05-31": {"capitalSurplus": 1678172000, "totalLiab": 20938057000, "totalStockholderEquity": 5400637000, "otherCurrentLiab": 125965000, "totalAssets": 26338694000, "commonStock": 79807000, "otherCurrentAssets": 720982000, "retainedEarnings": 3636766000, "otherLiab": 219520000, "goodWill": 141258000, "treasuryStock": 5892000, "otherAssets": 614895000, "cash": 95313000, "totalCurrentLiabilities": 2251751000, "deferredLongTermAssetCharges": 91305000, "shortLongTermDebt": 632461000, "otherStockholderEquity": 5892000, "propertyPlantEquipment": 3791969000, "totalCurrentAssets": 6117967000, "netTangibleAssets": 5259379000, "netReceivables": 610587000, "longTermDebt": 17787980000, "inventory": 4691085000, "accountsPayable": 1066922000}, "2022-02-28": {"capitalSurplus": 1677268000, "totalLiab": 21102825000, "totalStockholderEquity": 5235439000, "otherCurrentLiab": 221000000, "totalAssets": 26338264000, "commonStock": 80527000, "otherCurrentAssets": 761021000, "retainedEarnings": 3524066000, "otherLiab": 211901000, "goodWill": 141258000, "treasuryStock": -46422000, "otherAssets": 503090000, "cash": 102716000, "totalCurrentLiabilities": 2047457000, "deferredLongTermAssetCharges": 120931000, "shortLongTermDebt": 532272000, "otherStockholderEquity": -46422000, "propertyPlantEquipment": 3746425000, "totalCurrentAssets": 6549290000, "longTermInvestments": 108500000, "netTangibleAssets": 5094181000, "netReceivables": 560984000, "longTermDebt": 18175019000, "inventory": 5124569000, "accountsPayable": 937717000}, "2021-11-30": {"capitalSurplus": 1672728000, "totalLiab": 20465423000, "totalStockholderEquity": 5109796000, "otherCurrentLiab": 99618000, "totalAssets": 25575219000, "commonStock": 80936000, "otherCurrentAssets": 669877000, "retainedEarnings": 3456433000, "otherLiab": 279671000, "goodWill": 141258000, "treasuryStock": -100301000, "otherAssets": 592499000, "cash": 62598000, "totalCurrentLiabilities": 2056852000, "deferredLongTermAssetCharges": 134382000, "shortLongTermDebt": 546035000, "otherStockholderEquity": -100301000, "propertyPlantEquipment": 3719222000, "totalCurrentAssets": 5955070000, "netTangibleAssets": 4968538000, "netReceivables": 563135000, "longTermDebt": 17458864000, "inventory": 4659460000, "accountsPayable": 936556000}, "2021-08-31": {"capitalSurplus": 1653066000, "totalLiab": 19538143000, "totalStockholderEquity": 4915179000, "otherCurrentLiab": 97222000, "totalAssets": 24453322000, "commonStock": 81235000, "otherCurrentAssets": 690483000, "retainedEarnings": 3293221000, "otherLiab": 281423000, "goodWill": 150343000, "treasuryStock": -112343000, "otherAssets": 592890000, "cash": 58095000, "totalCurrentLiabilities": 1958960000, "deferredLongTermAssetCharges": 117288000, "shortLongTermDebt": 523077000, "otherStockholderEquity": -112343000, "propertyPlantEquipment": 3682623000, "totalCurrentAssets": 5371296000, "netTangibleAssets": 4764836000, "netReceivables": 517260000, "longTermDebt": 16100542000, "inventory": 4105458000, "accountsPayable": 903847000}}}, "income": {"annual": {"2022-02-28": {"researchDevelopment": null, "effectOfAccountingCharges": null, "incomeBeforeTax": 1492346000, "minorityInterest": null, "netIncome": 1151297000, "sellingGeneralAdministrative": 2339820000, "grossProfit": 4089049000, "ebit": 1537273000, "operatingIncome": 1537273000, "otherOperatingExpenses": null, "interestExpense": -94095000, "extraordinaryItems": null, "nonRecurring": null, "otherItems": null, "incomeTaxExpense": 341049000, "totalRevenue": 33197212000, "totalOperatingExpenses": 31659939000, "costOfRevenue": 29108163000, "totalOtherIncomeExpenseNet": -44927000, "discontinuedOperations": null, "netIncomeFromContinuingOps": 1151297000, "netIncomeApplicableToCommonShares": 1151297000}, "2021-02-28": {"researchDevelopment": null, "effectOfAccountingCharges": null, "incomeBeforeTax": 965257000, "minorityInterest": null, "netIncome": 746919000, "sellingGeneralAdministrative": 1744719000, "grossProfit": 2941935000, "ebit": 1002860000, "operatingIncome": 1002860000, "otherOperatingExpenses": null, "interestExpense": -86178000, "extraordinaryItems": null, "nonRecurring": null, "otherItems": null, "incomeTaxExpense": 218338000, "totalRevenue": 20092149000, "totalOperatingExpenses": 19089289000, "costOfRevenue": 17150214000, "totalOtherIncomeExpenseNet": -37603000, "discontinuedOperations": null, "netIncomeFromContinuingOps": 746919000, "netIncomeApplicableToCommonShares": 746919000}, "2020-02-29": {"researchDevelopment": null, "effectOfAccountingCharges": null, "incomeBeforeTax": 1160986000, "minorityInterest": null, "netIncome": 888433000, "sellingGeneralAdministrative": 1750168000, "grossProfit": 3178370000, "ebit": 1238303000, "operatingIncome": 1238303000, "otherOperatingExpenses": null, "interestExpense": -83007000, "extraordinaryItems": null, "nonRecurring": null, "otherItems": null, "incomeTaxExpense": 272553000, "totalRevenue": 21424087000, "totalOperatingExpenses": 20185784000, "costOfRevenue": 18245717000, "totalOtherIncomeExpenseNet": -77317000, "discontinuedOperations": null, "netIncomeFromContinuingOps": 888433000, "netIncomeApplicableToCommonShares": 888433000}, "2019-02-28": {"researchDevelopment": null, "effectOfAccountingCharges": null, "incomeBeforeTax": 1112806000, "minorityInterest": null, "netIncome": 842413000, "sellingGeneralAdministrative": 1730328000, "grossProfit": 2919281000, "ebit": 1189006000, "operatingIncome": 1189006000, "otherOperatingExpenses": -53000, "interestExpense": -75792000, "extraordinaryItems": null, "nonRecurring": null, "otherItems": null, "incomeTaxExpense": 270393000, "totalRevenue": 19146000000, "totalOperatingExpenses": 17956994000, "costOfRevenue": 16226719000, "totalOtherIncomeExpenseNet": -76200000, "discontinuedOperations": null, "netIncomeFromContinuingOps": 842413000, "netIncomeApplicableToCommonShares": 842413000}}, "quarterly": {"2022-05-31": {"researchDevelopment": null, "effectOfAccountingCharges": null, "incomeBeforeTax": 336602000, "minorityInterest": null, "netIncome": 252265000, "sellingGeneralAdministrative": 656740000, "grossProfit": 1079864000, "ebit": 367476000, "operatingIncome": 367476000, "otherOperatingExpenses": null, "interestExpense": -28775000, "extraordinaryItems": null, "nonRecurring": null, "otherItems": null, "incomeTaxExpense": 84337000, "totalRevenue": 9658321000, "totalOperatingExpenses": 9290845000, "costOfRevenue": 8578457000, "totalOtherIncomeExpenseNet": -30874000, "discontinuedOperations": null, "netIncomeFromContinuingOps": 252265000, "netIncomeApplicableToCommonShares": 252265000}, "2022-02-28": {"researchDevelopment": null, "effectOfAccountingCharges": null, "incomeBeforeTax": 201247000, "minorityInterest": null, "netIncome": 159836000, "sellingGeneralAdministrative": 620935000, "grossProfit": 904764000, "ebit": 228980000, "operatingIncome": 228980000, "otherOperatingExpenses": null, "interestExpense": -26848000, "extraordinaryItems": null, "nonRecurring": null, "otherItems": null, "incomeTaxExpense": 41411000, "totalRevenue": 8019095000, "totalOperatingExpenses": 7790115000, "costOfRevenue": 7114331000, "totalOtherIncomeExpenseNet": -27733000, "discontinuedOperations": null, "netIncomeFromContinuingOps": 159836000, "netIncomeApplicableToCommonShares": 159836000}, "2021-11-30": {"researchDevelopment": null, "effectOfAccountingCharges": null, "incomeBeforeTax": 355961000, "minorityInterest": null, "netIncome": 269438000, "sellingGeneralAdministrative": 598530000, "grossProfit": 1002528000, "ebit": 349570000, "operatingIncome": 349570000, "otherOperatingExpenses": null, "interestExpense": -24303000, "extraordinaryItems": null, "nonRecurring": null, "otherItems": null, "incomeTaxExpense": 86523000, "totalRevenue": 8857759000, "totalOperatingExpenses": 8508189000, "costOfRevenue": 7855231000, "totalOtherIncomeExpenseNet": 6391000, "discontinuedOperations": null, "netIncomeFromContinuingOps": 269438000, "netIncomeApplicableToCommonShares": 269438000}, "2021-08-31": {"researchDevelopment": null, "effectOfAccountingCharges": null, "incomeBeforeTax": 367814000, "minorityInterest": null, "netIncome": 285267000, "sellingGeneralAdministrative": 566286000, "grossProfit": 1015517000, "ebit": 396442000, "operatingIncome": 396442000, "otherOperatingExpenses": null, "interestExpense": -22410000, "extraordinaryItems": null, "nonRecurring": null, "otherItems": null, "incomeTaxExpense": 82547000, "totalRevenue": 8312459000, "totalOperatingExpenses": 7916017000, "costOfRevenue": 7296942000, "totalOtherIncomeExpenseNet": -28628000, "discontinuedOperations": null, "netIncomeFromContinuingOps": 285267000, "netIncomeApplicableToCommonShares": 285267000}}}, "cash": {"annual": {"2022-02-28": {"investments": 13794000, "changeToLiabilities": 175106000, "totalCashflowsFromInvestingActivities": -523745000, "netBorrowings": 3621671000, "totalCashFromFinancingActivities": 3104866000, "changeToOperatingActivities": -2255092000, "issuanceOfStock": 79805000, "netIncome": 1151297000, "changeInCash": 31671000, "repurchaseOfStock": -576478000, "totalCashFromOperatingActivities": -2549450000, "depreciation": 267520000, "changeToInventory": -1967432000, "changeToAccountReceivables": -288195000, "otherCashflowsFromFinancingActivities": -20132000, "changeToNetincome": 361678000, "capitalExpenditures": -308534000}, "2021-02-28": {"investments": 4596000, "changeToLiabilities": 106788000, "totalCashflowsFromInvestingActivities": -128183000, "netBorrowings": -318934000, "totalCashFromFinancingActivities": -424020000, "changeToOperatingActivities": -378919000, "issuanceOfStock": 143148000, "netIncome": 746919000, "changeInCash": 115557000, "repurchaseOfStock": -229938000, "totalCashFromOperatingActivities": 667760000, "depreciation": 242156000, "changeToInventory": -323318000, "changeToAccountReceivables": -43507000, "otherCashflowsFromFinancingActivities": -18296000, "changeToNetincome": 317641000, "capitalExpenditures": -164536000}, "2020-02-29": {"investments": -57471000, "changeToLiabilities": 85442000, "totalCashflowsFromInvestingActivities": -389364000, "netBorrowings": 1150435000, "totalCashFromFinancingActivities": 686983000, "changeToOperatingActivities": -1434324000, "issuanceOfStock": 124397000, "netIncome": 888433000, "changeInCash": 61013000, "repurchaseOfStock": -567747000, "totalCashFromOperatingActivities": -236606000, "depreciation": 215811000, "changeToInventory": -326961000, "changeToAccountReceivables": -51240000, "otherCashflowsFromFinancingActivities": -20102000, "changeToNetincome": 386233000, "capitalExpenditures": -331896000}, "2019-02-28": {"investments": -4569000, "changeToLiabilities": 86360000, "totalCashflowsFromInvestingActivities": -308513000, "netBorrowings": 1049680000, "totalCashFromFinancingActivities": 186021000, "changeToOperatingActivities": -1110680000, "issuanceOfStock": 58130000, "netIncome": 842413000, "changeInCash": 40479000, "repurchaseOfStock": -904726000, "totalCashFromOperatingActivities": 162971000, "depreciation": 182247000, "changeToInventory": -128761000, "changeToAccountReceivables": -6529000, "otherCashflowsFromFinancingActivities": -17063000, "changeToNetincome": 297921000, "capitalExpenditures": -304636000}}, "quarterly": {"2022-05-31": {"investments": -4230000, "changeToLiabilities": 105445000, "totalCashflowsFromInvestingActivities": -99038000, "netBorrowings": -291486000, "totalCashFromFinancingActivities": -454957000, "changeToOperatingActivities": -410017000, "issuanceOfStock": 3443000, "netIncome": 252265000, "changeInCash": -23043000, "repurchaseOfStock": -162974000, "totalCashFromOperatingActivities": 530952000, "depreciation": 70473000, "changeToInventory": 433484000, "changeToAccountReceivables": -49603000, "otherCashflowsFromFinancingActivities": -3940000, "changeToNetincome": 128905000, "capitalExpenditures": -94808000}, "2022-02-28": {"investments": -9445000, "changeToLiabilities": 4632000, "totalCashflowsFromInvestingActivities": -91062000, "netBorrowings": 699617000, "totalCashFromFinancingActivities": 596925000, "changeToOperatingActivities": -321695000, "issuanceOfStock": 3495000, "netIncome": 159836000, "changeInCash": 39058000, "repurchaseOfStock": -100528000, "totalCashFromOperatingActivities": -466805000, "depreciation": 66701000, "changeToInventory": -465109000, "changeToAccountReceivables": 2151000, "otherCashflowsFromFinancingActivities": -5659000, "changeToNetincome": 81011000, "capitalExpenditures": -81631000}, "2021-11-30": {"investments": 24936000, "changeToLiabilities": 54932000, "totalCashflowsFromInvestingActivities": -52447000, "netBorrowings": 847924000, "totalCashFromFinancingActivities": 738766000, "changeToOperatingActivities": -614589000, "issuanceOfStock": 16223000, "netIncome": 269438000, "changeInCash": -11005000, "repurchaseOfStock": -120455000, "totalCashFromOperatingActivities": -697324000, "depreciation": 71519000, "changeToInventory": -554024000, "changeToAccountReceivables": -45875000, "otherCashflowsFromFinancingActivities": -4926000, "changeToNetincome": 121275000, "capitalExpenditures": -89065000}, "2021-08-31": {"investments": 2918000, "changeToLiabilities": -200242000, "totalCashflowsFromInvestingActivities": -317093000, "netBorrowings": 1482866000, "totalCashFromFinancingActivities": 1294070000, "changeToOperatingActivities": -603327000, "issuanceOfStock": 38498000, "netIncome": 285267000, "changeInCash": -296461000, "repurchaseOfStock": -221657000, "totalCashFromOperatingActivities": -1273438000, "depreciation": 66944000, "changeToInventory": -856609000, "changeToAccountReceivables": -70322000, "otherCashflowsFromFinancingActivities": -5637000, "changeToNetincome": 104851000, "capitalExpenditures": -78693000}}}}, "AAP": {"balance": {"annual": {"2022-01-01": {"intangibleAssets": 651217000, "capitalSurplus": 845407000, "totalLiab": 9065918000, "totalStockholderEquity": 3128291000, "otherCurrentLiab": 141877000, "totalAssets": 12194209000, "commonStock": 8000, "otherCurrentAssets": 232245000, "retainedEarnings": 4605791000, "otherLiab": 513640000, "goodWill": 993744000, "treasuryStock": -2322915000, "otherAssets": 73651000, "cash": 601428000, "totalCurrentLiabilities": 5180307000, "otherStockholderEquity": -22627000, "propertyPlantEquipment": 4200121000, "totalCurrentAssets": 6275476000, "netTangibleAssets": 1483330000, "netReceivables": 782785000, "longTermDebt": 1034320000, "inventory": 4659018000, "accountsPayable": 3922007000}, "2021-01-02": {"intangibleAssets": 681127000, "capitalSurplus": 783709000, "totalLiab": 8280124000, "totalStockholderEquity": 3559512000, "otherCurrentLiab": 139334000, "totalAssets": 11839636000, "commonStock": 8000, "otherCurrentAssets": 146811000, "retainedEarnings": 4196634000, "otherLiab": 488726000, "goodWill": 993590000, "treasuryStock": -1420839000, "otherAssets": 52329000, "cash": 834992000, "totalCurrentLiabilities": 4743915000, "otherStockholderEquity": -26759000, "propertyPlantEquipment": 3842589000, "totalCurrentAssets": 6270001000, "netTangibleAssets": 1884795000, "netReceivables": 749999000, "longTermDebt": 1032984000, "inventory": 4538199000, "accountsPayable": 3640639000}, "2019-12-28": {"intangibleAssets": 709756000, "capitalSurplus": 735183000, "totalLiab": 7699444000, "totalStockholderEquity": 3549081000, "otherCurrentLiab": 201725000, "totalAssets": 11248525000, "commonStock": 8000, "otherCurrentAssets": 155241000, "retainedEarnings": 3772848000, "otherLiab": 457263000, "goodWill": 992240000, "treasuryStock": -958958000, "otherAssets": 52448000, "cash": 418665000, "totalCurrentLiabilities": 4477702000, "otherStockholderEquity": -34569000, "propertyPlantEquipment": 3798538000, "totalCurrentAssets": 5695543000, "netTangibleAssets": 1847085000, "netReceivables": 689469000, "longTermDebt": 747320000, "inventory": 4432168000, "accountsPayable": 3421987000}, "2018-12-29": {"intangibleAssets": 550593000, "capitalSurplus": 694797000, "totalLiab": 5489835000, "totalStockholderEquity": 3550813000, "otherCurrentLiab": 269657000, "totalAssets": 9040648000, "commonStock": 8000, "otherCurrentAssets": 198408000, "retainedEarnings": 3326155000, "otherLiab": 558165000, "goodWill": 990237000, "treasuryStock": -470147000, "otherAssets": 48379000, "cash": 896527000, "totalCurrentLiabilities": 3885950000, "shortLongTermDebt": 210000, "otherStockholderEquity": -44193000, "propertyPlantEquipment": 1368985000, "totalCurrentAssets": 6082454000, "netTangibleAssets": 2009983000, "netReceivables": 624972000, "longTermDebt": 1045720000, "inventory": 4362547000, "accountsPayable": 3172790000}}, "quarterly": {"2022-04-23": {"intangibleAssets": 642120000, "capitalSurplus": 862451000, "totalLiab": 9092801000, "totalStockholderEquity": 2909680000, "otherCurrentLiab": 24297000, "totalAssets": 12002481000, "commonStock": 8000, "otherCurrentAssets": 182399000, "retainedEarnings": 4653043000, "otherLiab": 522525000, "goodWill": 993820000, "treasuryStock": -2605822000, "otherAssets": 53194000, "cash": 138733000, "totalCurrentLiabilities": 5052574000, "otherStockholderEquity": -41065000, "propertyPlantEquipment": 4255567000, "totalCurrentAssets": 6057780000, "netTangibleAssets": 1273740000, "netReceivables": 957799000, "longTermDebt": 1187170000, "inventory": 4778849000, "accountsPayable": 3942388000}, "2022-01-01": {"intangibleAssets": 651217000, "capitalSurplus": 845407000, "totalLiab": 9065918000, "totalStockholderEquity": 3128291000, "otherCurrentLiab": 141877000, "totalAssets": 12194209000, "commonStock": 8000, "otherCurrentAssets": 232245000, "retainedEarnings": 4605791000, "otherLiab": 513640000, "goodWill": 993744000, "treasuryStock": -2322915000, "otherAssets": 73651000, "cash": 601428000, "totalCurrentLiabilities": 5180307000, "otherStockholderEquity": -22627000, "propertyPlantEquipment": 4200121000, "totalCurrentAssets": 6275476000, "netTangibleAssets": 1483330000, "netReceivables": 782785000, "longTermDebt": 1034320000, "inventory": 4659018000, "accountsPayable": 3922007000}, "2021-10-09": {"intangibleAssets": 658545000, "capitalSurplus": 835033000, "totalLiab": 8667636000, "totalStockholderEquity": 3196535000, "otherCurrentLiab": 16481000, "totalAssets": 11864171000, "commonStock": 8000, "otherCurrentAssets": 174406000, "retainedEarnings": 4586904000, "otherLiab": 524041000, "goodWill": 994562000, "treasuryStock": -2225410000, "otherAssets": 52182000, "cash": 604645000, "totalCurrentLiabilities": 4955229000, "otherStockholderEquity": -21826000, "propertyPlantEquipment": 3997621000, "totalCurrentAssets": 6161261000, "netTangibleAssets": 1543428000, "netReceivables": 931758000, "longTermDebt": 1034002000, "inventory": 4450452000, "accountsPayable": 3750835000}, "2021-07-17": {"intangibleAssets": 665193000, "capitalSurplus": 818126000, "totalLiab": 8537160000, "totalStockholderEquity": 3301565000, "otherCurrentLiab": 20573000, "totalAssets": 11838725000, "commonStock": 8000, "otherCurrentAssets": 180589000, "retainedEarnings": 4480085000, "otherLiab": 512958000, "goodWill": 994140000, "treasuryStock": -1996654000, "otherAssets": 43402000, "cash": 809287000, "totalCurrentLiabilities": 4899345000, "otherStockholderEquity": -23283000, "propertyPlantEquipment": 3914119000, "totalCurrentAssets": 6221871000, "netTangibleAssets": 1642232000, "netReceivables": 803880000, "longTermDebt": 1033686000, "inventory": 4428115000, "accountsPayable": 3807293000}}}, "income": {"annual": {"2022-01-01": {"researchDevelopment": null, "effectOfAccountingCharges": null, "incomeBeforeTax": 805925000, "minorityInterest": null, "netIncome": 616108000, "sellingGeneralAdministrative": 4002242000, "grossProfit": 4931356000, "ebit": 901527000, "operatingIncome": 901527000, "otherOperatingExpenses": null, "interestExpense": -37791000, "extraordinaryItems": null, "nonRecurring": null, "otherItems": null, "incomeTaxExpense": 189817000, "totalRevenue": 10997989000, "totalOperatingExpenses": 10096462000, "costOfRevenue": 6066633000, "totalOtherIncomeExpenseNet": -95602000, "discontinuedOperations": null, "netIncomeFromContinuingOps": 616108000, "netIncomeApplicableToCommonShares": 616108000}, "2021-01-02": {"researchDevelopment": null, "effectOfAccountingCharges": null, "incomeBeforeTax": 651015000, "minorityInterest": null, "netIncome": 493021000, "sellingGeneralAdministrative": 3657523000, "grossProfit": 4484775000, "ebit": 799915000, "operatingIncome": 799915000, "otherOperatingExpenses": null, "interestExpense": -46886000, "extraordinaryItems": null, "nonRecurring": null, "otherItems": null, "incomeTaxExpense": 157994000, "totalRevenue": 10106321000, "totalOperatingExpenses": 9306406000, "costOfRevenue": 5621546000, "totalOtherIncomeExpenseNet": -148900000, "discontinuedOperations": null, "netIncomeFromContinuingOps": 493021000, "netIncomeApplicableToCommonShares": 493021000}, "2019-12-28": {"researchDevelopment": null, "effectOfAccountingCharges": null, "incomeBeforeTax": 637746000, "minorityInterest": null, "netIncome": 486896000, "sellingGeneralAdministrative": 3575266000, "grossProfit": 4254746000, "ebit": 679480000, "operatingIncome": 679480000, "otherOperatingExpenses": null, "interestExpense": -39898000, "extraordinaryItems": null, "nonRecurring": null, "otherItems": null, "incomeTaxExpense": 150850000, "totalRevenue": 9709003000, "totalOperatingExpenses": 9029523000, "costOfRevenue": 5454257000, "totalOtherIncomeExpenseNet": -41734000, "discontinuedOperations": null, "netIncomeFromContinuingOps": 486896000, "netIncomeApplicableToCommonShares": 486896000}, "2018-12-29": {"researchDevelopment": null, "effectOfAccountingCharges": null, "incomeBeforeTax": 555264000, "minorityInterest": null, "netIncome": 423847000, "sellingGeneralAdministrative": 3601738000, "grossProfit": 4219413000, "ebit": 617675000, "operatingIncome": 617675000, "otherOperatingExpenses": null, "interestExpense": -56588000, "extraordinaryItems": null, "nonRecurring": null, "otherItems": null, "incomeTaxExpense": 131417000, "totalRevenue": 9580554000, "totalOperatingExpenses": 8962879000, "costOfRevenue": 5361141000, "totalOtherIncomeExpenseNet": -62411000, "discontinuedOperations": null, "netIncomeFromContinuingOps": 423847000, "netIncomeApplicableToCommonShares": 423847000}}, "quarterly": {"2022-04-23": {"researchDevelopment": null, "effectOfAccountingCharges": null, "incomeBeforeTax": 183130000, "minorityInterest": null, "netIncome": 139791000, "sellingGeneralAdministrative": 1292856000, "grossProfit": 1506576000, "ebit": 213720000, "operatingIncome": 213720000, "otherOperatingExpenses": null, "interestExpense": -12868000, "extraordinaryItems": null, "nonRecurring": null, "otherItems": null, "incomeTaxExpense": 43339000, "totalRevenue": 3374210000, "totalOperatingExpenses": 3160490000, "costOfRevenue": 1867634000, "totalOtherIncomeExpenseNet": -30590000, "discontinuedOperations": null, "netIncomeFromContinuingOps": 139791000, "netIncomeApplicableToCommonShares": 139791000}, "2022-01-01": {"researchDevelopment": null, "effectOfAccountingCharges": null, "incomeBeforeTax": 99965000, "minorityInterest": null, "netIncome": 81669000, "sellingGeneralAdministrative": 924729000, "grossProfit": 1072114000, "ebit": 119798000, "operatingIncome": 119798000, "otherOperatingExpenses": null, "interestExpense": -9706000, "extraordinaryItems": null, "nonRecurring": null, "otherItems": null, "incomeTaxExpense": 18296000, "totalRevenue": 2396975000, "totalOperatingExpenses": 2277177000, "costOfRevenue": 1324861000, "totalOtherIncomeExpenseNet": -19833000, "discontinuedOperations": null, "netIncomeFromContinuingOps": 81669000, "netIncomeApplicableToCommonShares": 81669000}, "2021-10-09": {"researchDevelopment": null, "effectOfAccountingCharges": null, "incomeBeforeTax": 222421000, "minorityInterest": null, "netIncome": 169813000, "sellingGeneralAdministrative": 944581000, "grossProfit": 1182597000, "ebit": 238016000, "operatingIncome": 238016000, "otherOperatingExpenses": null, "interestExpense": -8587000, "extraordinaryItems": null, "nonRecurring": null, "otherItems": null, "incomeTaxExpense": 52608000, "totalRevenue": 2621229000, "totalOperatingExpenses": 2383213000, "costOfRevenue": 1438632000, "totalOtherIncomeExpenseNet": -15595000, "discontinuedOperations": null, "netIncomeFromContinuingOps": 169813000, "netIncomeApplicableToCommonShares": 169813000}, "2021-07-17": {"researchDevelopment": null, "effectOfAccountingCharges": null, "incomeBeforeTax": 237765000, "minorityInterest": null, "netIncome": 178696000, "sellingGeneralAdministrative": 932793000, "grossProfit": 1189416000, "ebit": 256623000, "operatingIncome": 256623000, "otherOperatingExpenses": null, "interestExpense": -8306000, "extraordinaryItems": null, "nonRecurring": null, "otherItems": null, "incomeTaxExpense": 59069000, "totalRevenue": 2649415000, "totalOperatingExpenses": 2392792000, "costOfRevenue": 1459999000, "totalOtherIncomeExpenseNet": -18858000, "discontinuedOperations": null, "netIncomeFromContinuingOps": 178696000, "netIncomeApplicableToCommonShares": 178696000}}}, "cash": {"annual": {"2022-01-01": {"changeToLiabilities": 281064000, "totalCashflowsFromInvestingActivities": -287314000, "totalCashFromFinancingActivities": -1064112000, "changeToOperatingActivities": -24152000, "issuanceOfStock": 3074000, "netIncome": 616108000, "changeInCash": -233564000, "repurchaseOfStock": -906208000, "effectOfExchangeRate": 5600000, "totalCashFromOperatingActivities": 1112262000, "depreciation": 259933000, "dividendsPaid": -160925000, "changeToInventory": -120272000, "changeToAccountReceivables": -32652000, "otherCashflowsFromFinancingActivities": -53000, "changeToNetincome": 132233000, "capitalExpenditures": -289639000}, "2021-01-02": {"changeToLiabilities": 216488000, "totalCashflowsFromInvestingActivities": -266897000, "netBorrowings": 244524000, "totalCashFromFinancingActivities": -285997000, "changeToOperatingActivities": 62938000, "issuanceOfStock": 3270000, "netIncome": 493021000, "changeInCash": 416327000, "repurchaseOfStock": -469691000, "effectOfExchangeRate": -467000, "totalCashFromOperatingActivities": 969688000, "depreciation": 250081000, "dividendsPaid": -56347000, "changeToInventory": -101449000, "changeToAccountReceivables": -59014000, "otherCashflowsFromFinancingActivities": -7753000, "changeToNetincome": 107623000, "capitalExpenditures": -267576000}, "2019-12-28": {"changeToLiabilities": 245785000, "totalCashflowsFromInvestingActivities": -462939000, "netBorrowings": -369386000, "totalCashFromFinancingActivities": -882153000, "changeToOperatingActivities": -57870000, "issuanceOfStock": 3334000, "netIncome": 486896000, "changeInCash": -477862000, "repurchaseOfStock": -498435000, "effectOfExchangeRate": 321000, "totalCashFromOperatingActivities": 866909000, "depreciation": 238371000, "dividendsPaid": -17185000, "changeToInventory": -63130000, "changeToAccountReceivables": -62837000, "otherCashflowsFromFinancingActivities": -481000, "changeToNetincome": 79694000, "capitalExpenditures": -270129000}, "2018-12-29": {"changeToLiabilities": 285493000, "totalCashflowsFromInvestingActivities": -191827000, "netBorrowings": 32014000, "totalCashFromFinancingActivities": -263915000, "changeToOperatingActivities": 29233000, "issuanceOfStock": 3200000, "netIncome": 423847000, "changeInCash": 349590000, "repurchaseOfStock": -281354000, "effectOfExchangeRate": -5696000, "totalCashFromOperatingActivities": 811028000, "depreciation": 238184000, "dividendsPaid": -17819000, "changeToInventory": -206125000, "changeToAccountReceivables": -21471000, "otherCashflowsFromFinancingActivities": 44000, "changeToNetincome": 61867000, "capitalExpenditures": -193715000}}, "quarterly": {"2022-04-23": {"changeToLiabilities": 20225000, "totalCashflowsFromInvestingActivities": -114026000, "netBorrowings": 147537000, "totalCashFromFinancingActivities": -273735000, "changeToOperatingActivities": -42416000, "netIncome": 139791000, "changeInCash": -462695000, "repurchaseOfStock": -264469000, "effectOfExchangeRate": -19994000, "totalCashFromOperatingActivities": -54940000, "depreciation": 85581000, "dividendsPaid": -154796000, "changeToInventory": -119550000, "changeToAccountReceivables": -174895000, "otherCashflowsFromFinancingActivities": -2007000, "changeToNetincome": 36324000, "capitalExpenditures": -114854000}, "2022-01-01": {"changeToLiabilities": 172671000, "totalCashflowsFromInvestingActivities": -98433000, "netBorrowings": 147537000, "totalCashFromFinancingActivities": -95374000, "changeToOperatingActivities": -110117000, "issuanceOfStock": 1337000, "netIncome": 81669000, "changeInCash": -3217000, "repurchaseOfStock": -96704000, "effectOfExchangeRate": 3264000, "totalCashFromOperatingActivities": 187326000, "depreciation": 65196000, "dividendsPaid": -154796000, "changeToInventory": -211265000, "changeToAccountReceivables": 147953000, "otherCashflowsFromFinancingActivities": -7000, "changeToNetincome": 41219000, "capitalExpenditures": -98656000}, "2021-10-09": {"changeToLiabilities": -57273000, "totalCashflowsFromInvestingActivities": -61165000, "netBorrowings": 147537000, "totalCashFromFinancingActivities": -292297000, "changeToOperatingActivities": 97933000, "issuanceOfStock": 868000, "netIncome": 169813000, "changeInCash": -204642000, "repurchaseOfStock": -230213000, "effectOfExchangeRate": 43000, "totalCashFromOperatingActivities": 148777000, "depreciation": 59426000, "dividendsPaid": -62954000, "changeToInventory": -20959000, "changeToAccountReceivables": -127304000, "otherCashflowsFromFinancingActivities": 2000, "changeToNetincome": 27141000, "capitalExpenditures": -61410000}, "2021-07-17": {"changeToLiabilities": 69572000, "totalCashflowsFromInvestingActivities": -57422000, "netBorrowings": 147537000, "totalCashFromFinancingActivities": -459752000, "changeToOperatingActivities": 63473000, "issuanceOfStock": 869000, "netIncome": 178696000, "changeInCash": -70946000, "repurchaseOfStock": -395644000, "effectOfExchangeRate": 1000, "totalCashFromOperatingActivities": 446227000, "depreciation": 58058000, "dividendsPaid": -64825000, "changeToInventory": 48069000, "changeToAccountReceivables": 681000, "otherCashflowsFromFinancingActivities": -152000, "changeToNetincome": 27678000, "capitalExpenditures": -58689000}}}}}