{"MCD": {"balance": {"annual": {"2021-12-31": {"intangibleAssets": 795000000, "capitalSurplus": 8231600000, "totalLiab": 58455300000, "totalStockholderEquity": -4601000000, "otherCurrentLiab": 364000000, "totalAssets": 53854300000, "commonStock": 16600000, "otherCurrentAssets": 52400000, "retainedEarnings": 57534700000, "otherLiab": 5787600000, "goodWill": 2782500000, "treasuryStock": -70383900000, "otherAssets": 3645900000, "cash": 4709200000, "totalCurrentLiabilities": 4020000000, "deferredLongTermAssetCharges": 2357000000, "otherStockholderEquity": -2573700000, "propertyPlantEquipment": 38272600000, "totalCurrentAssets": 7148500000, "longTermInvestments": 1209800000, "netTangibleAssets": -8178500000, "netReceivables": 2204400000, "longTermDebt": 35626800000, "inventory": 55600000, "accountsPayable": 1006800000}, "2020-12-31": {"intangibleAssets": 691200000, "capitalSurplus": 7903600000, "totalLiab": 60451700000, "totalStockholderEquity": -7824900000, "otherCurrentLiab": 823600000, "totalAssets": 52626800000, "commonStock": 16600000, "otherCurrentAssets": 185600000, "retainedEarnings": 53908100000, "otherLiab": 5752400000, "goodWill": 2773100000, "treasuryStock": -69653200000, "otherAssets": 2800400000, "cash": 3449100000, "totalCurrentLiabilities": 6181200000, "deferredLongTermAssetCharges": 2135700000, "shortLongTermDebt": 2243600000, "otherStockholderEquity": -2586800000, "propertyPlantEquipment": 38785900000, "totalCurrentAssets": 6243200000, "longTermInvestments": 1333000000, "netTangibleAssets": -11289200000, "netReceivables": 2435300000, "longTermDebt": 35196800000, "inventory": 51100000, "accountsPayable": 741300000}, "2019-12-31": {"intangibleAssets": 665400000, "capitalSurplus": 7653900000, "totalLiab": 55721100000, "totalStockholderEquity": -8210300000, "otherCurrentLiab": 341800000, "totalAssets": 47510800000, "commonStock": 16600000, "otherCurrentAssets": 24000000, "retainedEarnings": 52930500000, "otherLiab": 5224200000, "goodWill": 2677400000, "treasuryStock": -68811300000, "otherAssets": 1906500000, "cash": 898500000, "totalCurrentLiabilities": 3621000000, "deferredLongTermAssetCharges": 1138900000, "shortLongTermDebt": 59100000, "otherStockholderEquity": -2482700000, "propertyPlantEquipment": 37421200000, "totalCurrentAssets": 3557900000, "longTermInvestments": 1282400000, "netTangibleAssets": -11553100000, "netReceivables": 2363000000, "longTermDebt": 34118100000, "inventory": 50200000, "accountsPayable": 988200000}, "2018-12-31": {"capitalSurplus": 7376000000, "totalLiab": 39069600000, "totalStockholderEquity": -6258400000, "otherCurrentLiab": 231700000, "totalAssets": 32811200000, "commonStock": 16600000, "otherCurrentAssets": 202500000, "retainedEarnings": 50487000000, "otherLiab": 5009000000, "goodWill": 2331500000, "treasuryStock": -64138000000, "otherAssets": 2381000000, "cash": 866000000, "totalCurrentLiabilities": 2973500000, "deferredLongTermAssetCharges": 1219400000, "shortLongTermDebt": 100000, "otherStockholderEquity": -2609500000, "propertyPlantEquipment": 22842700000, "totalCurrentAssets": 4053200000, "longTermInvestments": 1202800000, "netTangibleAssets": -8589900000, "netReceivables": 2454000000, "longTermDebt": 31087100000, "inventory": 51100000, "accountsPayable": 1207900000}}, "quarterly": {"2022-06-30": {"capitalSurplus": 8378700000, "totalLiab": 55617600000, "totalStockholderEquity": -6369800000, "otherCurrentLiab": 503800000, "totalAssets": 49247800000, "commonStock": 16600000, "otherCurrentAssets": 115500000, "retainedEarnings": 57785100000, "otherLiab": 5180700000, "goodWill": 2722400000, "treasuryStock": -72550200000, "otherAssets": 4403400000, "cash": 1872500000, "totalCurrentLiabilities": 3480100000, "otherStockholderEquity": -2246400000, "propertyPlantEquipment": 36128700000, "totalCurrentAssets": 4919300000, "longTermInvestments": 1074000000, "netTangibleAssets": -9092200000, "netReceivables": 1836700000, "longTermDebt": 34637400000, "inventory": 43300000, "accountsPayable": 739400000}, "2022-03-31": {"totalStockholderEquity": -4601000000, "netTangibleAssets": -8178500000}, "2021-12-31": {"intangibleAssets": 795000000, "capitalSurplus": 8231600000, "totalLiab": 58455300000, "totalStockholderEquity": -4601000000, "otherCurrentLiab": 364000000, "totalAssets": 53854300000, "commonStock": 16600000, "otherCurrentAssets": 52400000, "retainedEarnings": 57534700000, "otherLiab": 5787600000, "goodWill": 2782500000, "treasuryStock": -70383900000, "otherAssets": 3645900000, "cash": 4709200000, "totalCurrentLiabilities": 4020000000, "deferredLongTermAssetCharges": 2357000000, "otherStockholderEquity": -2573700000, "propertyPlantEquipment": 38272600000, "totalCurrentAssets": 7148500000, "longTermInvestments": 1209800000, "netTangibleAssets": -8178500000, "netReceivables": 2204400000, "longTermDebt": 35626800000, "inventory": 55600000, "accountsPayable": 1006800000}, "2021-09-30": {"capitalSurplus": 8125800000, "totalLiab": 58402000000, "totalStockholderEquity": -5675000000, "otherCurrentLiab": 1296700000, "totalAssets": 52727000000, "commonStock": 16600000, "otherCurrentAssets": 41100000, "retainedEarnings": 55897700000, "otherLiab": 5691600000, "goodWill": 2744200000, "treasuryStock": -69715100000, "otherAssets": 4039900000, "cash": 4305800000, "totalCurrentLiabilities": 5095600000, "shortLongTermDebt": 500000000, "otherStockholderEquity": -2663200000, "propertyPlantEquipment": 37957600000, "totalCurrentAssets": 6795900000, "longTermInvestments": 1189400000, "netTangibleAssets": -8419200000, "netReceivables": 1828500000, "longTermDebt": 34628200000, "inventory": 50100000, "accountsPayable": 772600000}}}, "income": {"annual": {"2021-12-31": {"researchDevelopment": null, "effectOfAccountingCharges": null, "incomeBeforeTax": 9127900000, "minorityInterest": null, "netIncome": 7545200000, "sellingGeneralAdministrative": 2377800000, "grossProfit": 12580200000, "ebit": 9873100000, "operatingIncome": 9873100000, "otherOperatingExpenses": -400000, "interestExpense": -1185800000, "extraordinaryItems": null, "nonRecurring": null, "otherItems": null, "incomeTaxExpense": 1582700000, "totalRevenue": 23222900000, "totalOperatingExpenses": 13349800000, "costOfRevenue": 10642700000, "totalOtherIncomeExpenseNet": -745200000, "discontinuedOperations": null, "netIncomeFromContinuingOps": 7545200000, "netIncomeApplicableToCommonShares": 7545200000}, "2020-12-31": {"researchDevelopment": null, "effectOfAccountingCharges": null, "incomeBeforeTax": 6140700000, "minorityInterest": null, "netIncome": 4730500000, "sellingGeneralAdministrative": 2245000000, "grossProfit": 9752100000, "ebit": 7213300000, "operatingIncome": 7213300000, "otherOperatingExpenses": -6800000, "interestExpense": -1218100000, "extraordinaryItems": null, "nonRecurring": null, "otherItems": null, "incomeTaxExpense": 1410200000, "totalRevenue": 19207800000, "totalOperatingExpenses": 11994500000, "costOfRevenue": 9455700000, "totalOtherIncomeExpenseNet": -1072600000, "discontinuedOperations": null, "netIncomeFromContinuingOps": 4730500000, "netIncomeApplicableToCommonShares": 4730500000}, "2019-12-31": {"researchDevelopment": null, "effectOfAccountingCharges": null, "incomeBeforeTax": 8018100000, "minorityInterest": null, "netIncome": 6025400000, "sellingGeneralAdministrative": 1966900000, "grossProfit": 11179400000, "ebit": 8954700000, "operatingIncome": 8954700000, "otherOperatingExpenses": -4700000, "interestExpense": -1121900000, "extraordinaryItems": null, "nonRecurring": null, "otherItems": null, "incomeTaxExpense": 1992700000, "totalRevenue": 21364400000, "totalOperatingExpenses": 12409700000, "costOfRevenue": 10185000000, "totalOtherIncomeExpenseNet": -936600000, "discontinuedOperations": null, "netIncomeFromContinuingOps": 6025400000, "netIncomeApplicableToCommonShares": 6025400000}, "2018-12-31": {"researchDevelopment": null, "effectOfAccountingCharges": null, "incomeBeforeTax": 7816100000, "minorityInterest": null, "netIncome": 5924300000, "sellingGeneralAdministrative": 1985400000, "grossProfit": 10832600000, "ebit": 8625700000, "operatingIncome": 8625700000, "otherOperatingExpenses": 6700000, "interestExpense": -981200000, "extraordinaryItems": null, "nonRecurring": null, "otherItems": null, "incomeTaxExpense": 1891800000, "totalRevenue": 21257900000, "totalOperatingExpenses": 12632200000, "costOfRevenue": 10425300000, "totalOtherIncomeExpenseNet": -809600000, "discontinuedOperations": null, "netIncomeFromContinuingOps": 5924300000, "netIncomeApplicableToCommonShares": 5924300000}}, "quarterly": {"2022-06-30": {"researchDevelopment": null, "effectOfAccountingCharges": null, "incomeBeforeTax": 1409100000, "minorityInterest": null, "netIncome": 1188000000, "sellingGeneralAdministrative": 611200000, "grossProfit": 3302100000, "ebit": 2597900000, "operatingIncome": 2597900000, "otherOperatingExpenses": null, "interestExpense": -290600000, "extraordinaryItems": null, "nonRecurring": null, "otherItems": null, "incomeTaxExpense": 221100000, "totalRevenue": 5718400000, "totalOperatingExpenses": 3120500000, "costOfRevenue": 2416300000, "totalOtherIncomeExpenseNet": -1188800000, "discontinuedOperations": null, "netIncomeFromContinuingOps": 1188000000, "netIncomeApplicableToCommonShares": 1188000000}, "2022-03-31": {"researchDevelopment": null, "effectOfAccountingCharges": null, "incomeBeforeTax": 1541200000, "minorityInterest": null, "netIncome": 1104400000, "sellingGeneralAdministrative": 584300000, "grossProfit": 3050100000, "ebit": 2312600000, "operatingIncome": 2312600000, "otherOperatingExpenses": 60500000, "interestExpense": -287300000, "extraordinaryItems": null, "nonRecurring": null, "otherItems": null, "incomeTaxExpense": 436800000, "totalRevenue": 5665600000, "totalOperatingExpenses": 3353000000, "costOfRevenue": 2615500000, "totalOtherIncomeExpenseNet": -834500000, "discontinuedOperations": null, "netIncomeFromContinuingOps": 1104400000, "netIncomeApplicableToCommonShares": 1104400000}, "2021-12-31": {"researchDevelopment": null, "effectOfAccountingCharges": null, "incomeBeforeTax": 2107800000, "minorityInterest": null, "netIncome": 1638800000, "sellingGeneralAdministrative": 755400000, "grossProfit": 3261000000, "ebit": 2419500000, "operatingIncome": 2419500000, "otherOperatingExpenses": -400000, "interestExpense": -295600000, "extraordinaryItems": null, "nonRecurring": null, "otherItems": null, "incomeTaxExpense": 469000000, "totalRevenue": 6009100000, "totalOperatingExpenses": 3589600000, "costOfRevenue": 2748100000, "totalOtherIncomeExpenseNet": -311700000, "discontinuedOperations": null, "netIncomeFromContinuingOps": 1638800000, "netIncomeApplicableToCommonShares": 1638800000}, "2021-09-30": {"researchDevelopment": null, "effectOfAccountingCharges": null, "incomeBeforeTax": 2691400000, "minorityInterest": null, "netIncome": 2149900000, "sellingGeneralAdministrative": 559600000, "grossProfit": 3431400000, "ebit": 2787700000, "operatingIncome": 2787700000, "otherOperatingExpenses": -400000, "interestExpense": -293700000, "extraordinaryItems": null, "nonRecurring": null, "otherItems": null, "incomeTaxExpense": 541500000, "totalRevenue": 6201300000, "totalOperatingExpenses": 3413600000, "costOfRevenue": 2769900000, "totalOtherIncomeExpenseNet": -96300000, "discontinuedOperations": null, "netIncomeFromContinuingOps": 2149900000, "netIncomeApplicableToCommonShares": 2149900000}}}, "cash": {"annual": {"2021-12-31": {"changeToLiabilities": 225000000, "totalCashflowsFromInvestingActivities": -2165700000, "netBorrowings": -1070500000, "totalCashFromFinancingActivities": -5595600000, "changeToOperatingActivities": 284000000, "issuanceOfStock": 285700000, "netIncome": 7545200000, "changeInCash": 1260100000, "repurchaseOfStock": -845500000, "effectOfExchangeRate": -120100000, "totalCashFromOperatingActivities": 9141500000, "depreciation": 1868100000, "otherCashflowsFromInvestingActivities": -53900000, "dividendsPaid": -3918600000, "changeToInventory": -62200000, "changeToAccountReceivables": 309900000, "otherCashflowsFromFinancingActivities": -46700000, "changeToNetincome": -726000000, "capitalExpenditures": -2040000000}, "2020-12-31": {"changeToLiabilities": -137500000, "totalCashflowsFromInvestingActivities": -1545800000, "netBorrowings": 2238200000, "totalCashFromFinancingActivities": -2249000000, "changeToOperatingActivities": 44400000, "issuanceOfStock": 295500000, "netIncome": 4730500000, "changeInCash": 2550600000, "repurchaseOfStock": -907800000, "effectOfExchangeRate": 80200000, "totalCashFromOperatingActivities": 6265200000, "depreciation": 1751400000, "otherCashflowsFromInvestingActivities": 57400000, "dividendsPaid": -3752900000, "changeToInventory": -68600000, "changeToAccountReceivables": -6800000, "otherCashflowsFromFinancingActivities": -122000000, "changeToNetincome": -4600000, "capitalExpenditures": -1640800000}, "2019-12-31": {"changeToLiabilities": -26800000, "totalCashflowsFromInvestingActivities": -3071100000, "netBorrowings": 3236300000, "totalCashFromFinancingActivities": -4994800000, "changeToOperatingActivities": -3900000, "issuanceOfStock": 350500000, "netIncome": 6025400000, "changeInCash": 32500000, "repurchaseOfStock": -4976200000, "effectOfExchangeRate": -23700000, "totalCashFromOperatingActivities": 8122100000, "depreciation": 1617900000, "otherCashflowsFromInvestingActivities": -628500000, "dividendsPaid": -3581900000, "changeToInventory": 128800000, "changeToAccountReceivables": 27000000, "otherCashflowsFromFinancingActivities": -23500000, "changeToNetincome": 180300000, "capitalExpenditures": -2393700000}, "2018-12-31": {"changeToLiabilities": 129400000, "totalCashflowsFromInvestingActivities": -2455100000, "netBorrowings": 2130800000, "totalCashFromFinancingActivities": -5949600000, "changeToOperatingActivities": -87400000, "issuanceOfStock": 403200000, "netIncome": 5924300000, "changeInCash": -1597800000, "repurchaseOfStock": -5207700000, "effectOfExchangeRate": -159800000, "totalCashFromOperatingActivities": 6966700000, "depreciation": 1482000000, "otherCashflowsFromInvestingActivities": -302900000, "dividendsPaid": -3255900000, "changeToInventory": -1900000, "changeToAccountReceivables": -479400000, "otherCashflowsFromFinancingActivities": -20000000, "changeToNetincome": 33100000, "capitalExpenditures": -2741700000}}, "quarterly": {"2022-06-30": {"changeToLiabilities": 0, "totalCashflowsFromInvestingActivities": -319200000, "netBorrowings": 1333800000, "totalCashFromFinancingActivities": -686700000, "changeToOperatingActivities": -1168300000, "issuanceOfStock": 47200000, "netIncome": 1188000000, "changeInCash": -463200000, "repurchaseOfStock": -1031200000, "effectOfExchangeRate": -75400000, "totalCashFromOperatingActivities": 618100000, "depreciation": 462200000, "otherCashflowsFromInvestingActivities": -128800000, "dividendsPaid": -1016900000, "otherCashflowsFromFinancingActivities": -19600000, "changeToNetincome": 136200000, "capitalExpenditures": -437900000}, "2022-03-31": {"changeToLiabilities": 0, "totalCashflowsFromInvestingActivities": -319200000, "netBorrowings": 1333800000, "totalCashFromFinancingActivities": -686700000, "changeToOperatingActivities": -1168300000, "issuanceOfStock": 47200000, "netIncome": 1104400000, "changeInCash": -463200000, "repurchaseOfStock": -1031200000, "effectOfExchangeRate": -75400000, "totalCashFromOperatingActivities": 618100000, "depreciation": 462200000, "otherCashflowsFromInvestingActivities": -128800000, "dividendsPaid": -1016900000, "otherCashflowsFromFinancingActivities": -19600000, "changeToNetincome": 136200000, "capitalExpenditures": -437900000}, "2021-12-31": {"changeToLiabilities": 225000000, "totalCashflowsFromInvestingActivities": -1122700000, "netBorrowings": 661300000, "totalCashFromFinancingActivities": -1098000000, "changeToOperatingActivities": 418800000, "issuanceOfStock": 87100000, "netIncome": 1638800000, "changeInCash": 403400000, "repurchaseOfStock": -803300000, "effectOfExchangeRate": -42400000, "totalCashFromOperatingActivities": 2666500000, "depreciation": 481600000, "otherCashflowsFromInvestingActivities": -240600000, "dividendsPaid": -1029100000, "changeToInventory": -62200000, "changeToAccountReceivables": 309900000, "otherCashflowsFromFinancingActivities": -14000000, "changeToNetincome": -42900000, "capitalExpenditures": -687200000}, "2021-09-30": {"changeToLiabilities": 0, "totalCashflowsFromInvestingActivities": -384900000, "netBorrowings": -700000, "totalCashFromFinancingActivities": -927400000, "changeToOperatingActivities": 174000000, "issuanceOfStock": 66600000, "netIncome": 2149900000, "changeInCash": 1256400000, "repurchaseOfStock": -17700000, "effectOfExchangeRate": -49100000, "totalCashFromOperatingActivities": 2617800000, "depreciation": 469200000, "otherCashflowsFromInvestingActivities": 43800000, "dividendsPaid": -963900000, "changeToInventory": -62200000, "changeToAccountReceivables": 309900000, "otherCashflowsFromFinancingActivities": -11700000, "changeToNetincome": -175300000, "capitalExpenditures": -501500000}}}}, "SBUX": {"balance": {"annual": {"2021-10-03": {"intangibleAssets": 349900000, "capitalSurplus": 846100000, "totalLiab": 36707100000, "totalStockholderEquity": -5321200000, "minorityInterest": 6700000, "otherCurrentLiab": 3362900000, "totalAssets": 31392600000, "commonStock": 1200000, "otherCurrentAssets": 147600000, "retainedEarnings": -6315700000, "otherLiab": 7199500000, "goodWill": 3677300000, "treasuryStock": 147200000, "otherAssets": 2430600000, "cash": 6455700000, "totalCurrentLiabilities": 8151400000, "deferredLongTermAssetCharges": 1874800000, "shortLongTermDebt": 998900000, "otherStockholderEquity": 147200000, "propertyPlantEquipment": 14605500000, "totalCurrentAssets": 9756400000, "longTermInvestments": 572900000, "netTangibleAssets": -9348400000, "shortTermInvestments": 162200000, "netReceivables": 1133100000, "longTermDebt": 13618200000, "inventory": 1603900000, "accountsPayable": 1211600000}, "2020-09-27": {"intangibleAssets": 552100000, "capitalSurplus": 373900000, "totalLiab": 37173900000, "totalStockholderEquity": -7805100000, "minorityInterest": 5700000, "otherCurrentLiab": 2231900000, "totalAssets": 29374500000, "commonStock": 1200000, "otherCurrentAssets": 15600000, "retainedEarnings": -7815600000, "otherLiab": 7436500000, "goodWill": 3597200000, "treasuryStock": -364600000, "otherAssets": 2312700000, "cash": 4350900000, "totalCurrentLiabilities": 7346800000, "deferredLongTermAssetCharges": 1789900000, "shortLongTermDebt": 1249900000, "otherStockholderEquity": -364600000, "propertyPlantEquipment": 14375500000, "totalCurrentAssets": 7806400000, "longTermInvestments": 730600000, "netTangibleAssets": -11954400000, "shortTermInvestments": 281200000, "netReceivables": 1395400000, "longTermDebt": 14728900000, "inventory": 1551400000, "accountsPayable": 997900000}, "2019-09-29": {"intangibleAssets": 781800000, "capitalSurplus": 41100000, "totalLiab": 25450600000, "totalStockholderEquity": -6232200000, "minorityInterest": 1200000, "otherCurrentLiab": 3750300000, "totalAssets": 19219600000, "commonStock": 1200000, "otherCurrentAssets": 12600000, "retainedEarnings": -5771200000, "otherLiab": 8112300000, "goodWill": 3490800000, "treasuryStock": -503300000, "otherAssets": 2227100000, "cash": 2686600000, "totalCurrentLiabilities": 6168700000, "deferredLongTermAssetCharges": 1765800000, "otherStockholderEquity": -503300000, "propertyPlantEquipment": 6431700000, "totalCurrentAssets": 5653900000, "longTermInvestments": 634300000, "netTangibleAssets": -10504800000, "shortTermInvestments": 70500000, "netReceivables": 1020300000, "longTermDebt": 11169600000, "inventory": 1529400000, "accountsPayable": 1189700000}, "2018-09-30": {"intangibleAssets": 1042200000, "capitalSurplus": 41100000, "totalLiab": 22980600000, "totalStockholderEquity": 1169500000, "minorityInterest": 6300000, "otherCurrentLiab": 2936500000, "totalAssets": 24156400000, "commonStock": 1300000, "otherCurrentAssets": 24500000, "retainedEarnings": 1457400000, "otherLiab": 8173700000, "goodWill": 3541600000, "treasuryStock": -330300000, "otherAssets": 546900000, "cash": 8756300000, "totalCurrentLiabilities": 5684200000, "deferredLongTermAssetCharges": 134700000, "shortLongTermDebt": 349900000, "otherStockholderEquity": -330300000, "propertyPlantEquipment": 5929100000, "totalCurrentAssets": 12494200000, "longTermInvestments": 602400000, "netTangibleAssets": -3414300000, "shortTermInvestments": 181500000, "netReceivables": 1648500000, "longTermDebt": 9122700000, "inventory": 1400500000, "accountsPayable": 1179300000}}, "quarterly": {"2022-07-03": {"intangibleAssets": 203400000, "capitalSurplus": 117100000, "totalLiab": 36815100000, "totalStockholderEquity": -8666500000, "minorityInterest": 7600000, "otherCurrentLiab": 3300400000, "totalAssets": 28156200000, "commonStock": 1100000, "otherCurrentAssets": 47100000, "retainedEarnings": -8719700000, "otherLiab": 6927500000, "goodWill": 3451200000, "treasuryStock": -65000000, "otherAssets": 2339100000, "cash": 3177500000, "totalCurrentLiabilities": 8402400000, "deferredLongTermAssetCharges": 1752900000, "shortLongTermDebt": 999100000, "otherStockholderEquity": -65000000, "propertyPlantEquipment": 14445300000, "totalCurrentAssets": 7067500000, "longTermInvestments": 649700000, "netTangibleAssets": -12321100000, "shortTermInvestments": 76900000, "netReceivables": 1300400000, "longTermDebt": 13930800000, "inventory": 2132900000, "accountsPayable": 1489800000}, "2022-04-03": {"otherCurrentLiab": 3359400000, "otherCurrentAssets": 64700000, "otherLiab": 6984400000, "otherAssets": 2356500000, "longTermInvestments": 592100000, "netReceivables": 1282300000, "longTermDebt": 14025500000}, "2022-01-02": {"intangibleAssets": 302500000, "capitalSurplus": 41100000, "totalLiab": 37284200000, "totalStockholderEquity": -8457200000, "minorityInterest": 6900000, "otherCurrentLiab": 4002400000, "totalAssets": 28833900000, "commonStock": 1200000, "otherCurrentAssets": 154400000, "retainedEarnings": -8753000000, "otherLiab": 7068200000, "goodWill": 3675700000, "treasuryStock": 253500000, "otherAssets": 2429200000, "cash": 3969400000, "totalCurrentLiabilities": 8921100000, "deferredLongTermAssetCharges": 1859700000, "shortLongTermDebt": 999300000, "otherStockholderEquity": 253500000, "propertyPlantEquipment": 14601400000, "totalCurrentAssets": 7255100000, "longTermInvestments": 570000000, "netTangibleAssets": -12435400000, "shortTermInvestments": 87400000, "netReceivables": 1151500000, "longTermDebt": 13586900000, "inventory": 1637100000, "accountsPayable": 1289400000}, "2021-10-03": {"intangibleAssets": 349900000, "capitalSurplus": 846100000, "totalLiab": 36707100000, "totalStockholderEquity": -5321200000, "minorityInterest": 6700000, "otherCurrentLiab": 3362900000, "totalAssets": 31392600000, "commonStock": 1200000, "otherCurrentAssets": 147600000, "retainedEarnings": -6315700000, "otherLiab": 7199500000, "goodWill": 3677300000, "treasuryStock": 147200000, "otherAssets": 2430600000, "cash": 6455700000, "totalCurrentLiabilities": 8151400000, "deferredLongTermAssetCharges": 1874800000, "shortLongTermDebt": 998900000, "otherStockholderEquity": 147200000, "propertyPlantEquipment": 14605500000, "totalCurrentAssets": 9756400000, "longTermInvestments": 572900000, "netTangibleAssets": -9348400000, "shortTermInvestments": 162200000, "netReceivables": 1133100000, "longTermDebt": 13618200000, "inventory": 1603900000, "accountsPayable": 1211600000}}}, "income": {"annual": {"2021-10-03": {"researchDevelopment": null, "effectOfAccountingCharges": null, "incomeBeforeTax": 5356900000, "minorityInterest": 6700000, "netIncome": 4199300000, "sellingGeneralAdministrative": 1932600000, "grossProfit": 8435400000, "ebit": 4701600000, "operatingIncome": 4701600000, "otherOperatingExpenses": 359500000, "interestExpense": -473400000, "extraordinaryItems": null, "nonRecurring": null, "otherItems": null, "incomeTaxExpense": 1156600000, "totalRevenue": 29060600000, "totalOperatingExpenses": 24359000000, "costOfRevenue": 20625200000, "totalOtherIncomeExpenseNet": 655300000, "discontinuedOperations": null, "netIncomeFromContinuingOps": 4200300000, "netIncomeApplicableToCommonShares": 4199300000}, "2020-09-27": {"researchDevelopment": null, "effectOfAccountingCharges": null, "incomeBeforeTax": 1164400000, "minorityInterest": 5700000, "netIncome": 928300000, "sellingGeneralAdministrative": 1679600000, "grossProfit": 5141100000, "ebit": 1599900000, "operatingIncome": 1599900000, "otherOperatingExpenses": 430300000, "interestExpense": -437000000, "extraordinaryItems": null, "nonRecurring": null, "otherItems": null, "incomeTaxExpense": 239700000, "totalRevenue": 23518000000, "totalOperatingExpenses": 21918100000, "costOfRevenue": 18376900000, "totalOtherIncomeExpenseNet": -435500000, "discontinuedOperations": null, "netIncomeFromContinuingOps": 924700000, "netIncomeApplicableToCommonShares": 928300000}, "2019-09-29": {"researchDevelopment": null, "effectOfAccountingCharges": null, "incomeBeforeTax": 4466200000, "minorityInterest": 1200000, "netIncome": 3599200000, "sellingGeneralAdministrative": 1824100000, "grossProfit": 7488100000, "ebit": 3915700000, "operatingIncome": 3915700000, "otherOperatingExpenses": 371000000, "interestExpense": -331000000, "extraordinaryItems": null, "nonRecurring": null, "otherItems": null, "incomeTaxExpense": 871600000, "totalRevenue": 26508600000, "totalOperatingExpenses": 22592900000, "costOfRevenue": 19020500000, "totalOtherIncomeExpenseNet": 550500000, "discontinuedOperations": null, "netIncomeFromContinuingOps": 3594600000, "netIncomeApplicableToCommonShares": 3599200000}, "2018-09-30": {"researchDevelopment": null, "effectOfAccountingCharges": null, "incomeBeforeTax": 5780000000, "minorityInterest": 6300000, "netIncome": 4518300000, "sellingGeneralAdministrative": 1704600000, "grossProfit": 7316600000, "ebit": 3810100000, "operatingIncome": 3810100000, "otherOperatingExpenses": 554900000, "interestExpense": -170300000, "extraordinaryItems": null, "nonRecurring": null, "otherItems": null, "incomeTaxExpense": 1262000000, "totalRevenue": 24719500000, "totalOperatingExpenses": 20909400000, "costOfRevenue": 17402900000, "totalOtherIncomeExpenseNet": 1969900000, "discontinuedOperations": null, "netIncomeFromContinuingOps": 4518000000, "netIncomeApplicableToCommonShares": 4518300000}}, "quarterly": {"2022-07-03": {"researchDevelopment": null, "effectOfAccountingCharges": null, "incomeBeforeTax": 1192200000, "minorityInterest": 7600000, "netIncome": 912900000, "sellingGeneralAdministrative": 486700000, "grossProfit": 2234000000, "ebit": 1255400000, "operatingIncome": 1255400000, "otherOperatingExpenses": 135100000, "interestExpense": -123100000, "extraordinaryItems": null, "nonRecurring": null, "otherItems": null, "incomeTaxExpense": 278500000, "totalRevenue": 8150100000, "totalOperatingExpenses": 6894700000, "costOfRevenue": 5916100000, "totalOtherIncomeExpenseNet": -63200000, "discontinuedOperations": null, "netIncomeFromContinuingOps": 913700000, "netIncomeApplicableToCommonShares": 912900000}, "2022-04-03": {"researchDevelopment": null, "effectOfAccountingCharges": null, "incomeBeforeTax": 1192200000, "minorityInterest": 7600000, "netIncome": 0, "sellingGeneralAdministrative": 486700000, "grossProfit": 0, "ebit": 0, "operatingIncome": 1255400000, "otherOperatingExpenses": 135100000, "interestExpense": -123100000, "extraordinaryItems": null, "nonRecurring": null, "otherItems": null, "incomeTaxExpense": 0, "totalRevenue": 0, "totalOperatingExpenses": 0, "costOfRevenue": 0, "totalOtherIncomeExpenseNet": -28100000, "discontinuedOperations": null, "netIncomeFromContinuingOps": 913700000, "netIncomeApplicableToCommonShares": 912900000}, "2022-01-02": {"researchDevelopment": null, "effectOfAccountingCharges": null, "incomeBeforeTax": 1062400000, "minorityInterest": 6900000, "netIncome": 815900000, "sellingGeneralAdministrative": 525800000, "grossProfit": 2123500000, "ebit": 1130000000, "operatingIncome": 1130000000, "otherOperatingExpenses": 101700000, "interestExpense": -115300000, "extraordinaryItems": null, "nonRecurring": null, "otherItems": null, "incomeTaxExpense": 246300000, "totalRevenue": 8050400000, "totalOperatingExpenses": 6920400000, "costOfRevenue": 5926900000, "totalOtherIncomeExpenseNet": -67600000, "discontinuedOperations": null, "netIncomeFromContinuingOps": 816100000, "netIncomeApplicableToCommonShares": 815900000}, "2021-10-03": {"researchDevelopment": null, "effectOfAccountingCharges": null, "incomeBeforeTax": 2247600000, "minorityInterest": 6700000, "netIncome": 1764400000, "sellingGeneralAdministrative": 501200000, "grossProfit": 2426600000, "ebit": 1462000000, "operatingIncome": 1462000000, "otherOperatingExpenses": 108700000, "interestExpense": -120600000, "extraordinaryItems": null, "nonRecurring": null, "otherItems": null, "incomeTaxExpense": 483000000, "totalRevenue": 8146700000, "totalOperatingExpenses": 6684700000, "costOfRevenue": 5720100000, "totalOtherIncomeExpenseNet": 785600000, "discontinuedOperations": null, "netIncomeFromContinuingOps": 1764600000, "netIncomeApplicableToCommonShares": 1764400000}}}, "cash": {"annual": {"2021-10-03": {"investments": 56700000, "changeToLiabilities": 183800000, "totalCashflowsFromInvestingActivities": -319500000, "netBorrowings": -1681200000, "totalCashFromFinancingActivities": -3651000000, "changeToOperatingActivities": -878300000, "issuanceOfStock": 246200000, "netIncome": 4199300000, "changeInCash": 2104800000, "repurchaseOfStock": -97000000, "effectOfExchangeRate": 86200000, "totalCashFromOperatingActivities": 5989100000, "depreciation": 1524100000, "otherCashflowsFromInvestingActivities": -81200000, "dividendsPaid": -2119000000, "changeToInventory": -49800000, "changeToAccountReceivables": -43000000, "changeToNetincome": 766900000, "capitalExpenditures": -1470000000}, "2020-09-27": {"investments": -183500000, "changeToLiabilities": -179800000, "totalCashflowsFromInvestingActivities": -1711500000, "netBorrowings": 5166500000, "totalCashFromFinancingActivities": 1713300000, "changeToOperatingActivities": -1268400000, "issuanceOfStock": 298800000, "netIncome": 928300000, "changeInCash": 1664300000, "repurchaseOfStock": -1790800000, "effectOfExchangeRate": 64700000, "totalCashFromOperatingActivities": 1597800000, "depreciation": 1503200000, "otherCashflowsFromInvestingActivities": -44400000, "dividendsPaid": -1923500000, "changeToInventory": -10900000, "changeToAccountReceivables": -2700000, "otherCashflowsFromFinancingActivities": -37700000, "changeToNetincome": 1842700000, "capitalExpenditures": -1483600000}, "2019-09-29": {"investments": 167700000, "changeToLiabilities": 1400000, "totalCashflowsFromInvestingActivities": -1010800000, "netBorrowings": 1646000000, "totalCashFromFinancingActivities": -10056900000, "changeToOperatingActivities": 780900000, "issuanceOfStock": 409800000, "netIncome": 3599200000, "changeInCash": -6069700000, "repurchaseOfStock": -10333900000, "effectOfExchangeRate": -49000000, "totalCashFromOperatingActivities": 5047000000, "depreciation": 1449300000, "otherCashflowsFromInvestingActivities": -56200000, "dividendsPaid": -1761300000, "changeToInventory": -173000000, "changeToAccountReceivables": -197700000, "otherCashflowsFromFinancingActivities": -17500000, "changeToNetincome": -1650200000, "capitalExpenditures": -1806600000}, "2018-09-30": {"investments": 312400000, "changeToLiabilities": 7501000000, "totalCashflowsFromInvestingActivities": -2361500000, "netBorrowings": 5584100000, "totalCashFromFinancingActivities": -3242800000, "changeToOperatingActivities": -823100000, "issuanceOfStock": 153900000, "netIncome": 4518300000, "changeInCash": 6294000000, "repurchaseOfStock": -7196200000, "effectOfExchangeRate": -39500000, "totalCashFromOperatingActivities": 11937800000, "depreciation": 1305900000, "otherCashflowsFromInvestingActivities": 5600000, "dividendsPaid": -1743400000, "changeToInventory": -41200000, "changeToAccountReceivables": 131000000, "otherCashflowsFromFinancingActivities": -41200000, "changeToNetincome": -800100000, "capitalExpenditures": -1976400000}}, "quarterly": {"2022-07-03": {"investments": -46000000, "changeToLiabilities": 131200000, "totalCashflowsFromInvestingActivities": -495400000, "netBorrowings": -804800000, "totalCashFromFinancingActivities": -1364400000, "changeToOperatingActivities": -213600000, "issuanceOfStock": 19200000, "netIncome": 912900000, "changeInCash": -735900000, "repurchaseOfStock": -16900000, "effectOfExchangeRate": -140900000, "totalCashFromOperatingActivities": 1264800000, "depreciation": 391300000, "otherCashflowsFromInvestingActivities": -25900000, "dividendsPaid": -561900000, "changeToInventory": -232400000, "changeToAccountReceivables": -183400000, "changeToNetincome": 458800000, "capitalExpenditures": -423500000}, "2022-04-03": {"investments": -46000000, "changeToLiabilities": 0, "totalCashflowsFromInvestingActivities": -495400000, "netBorrowings": -804800000, "totalCashFromFinancingActivities": -1364400000, "changeToOperatingActivities": -213600000, "issuanceOfStock": 19200000, "netIncome": 0, "changeInCash": -735900000, "repurchaseOfStock": -16900000, "effectOfExchangeRate": -140900000, "totalCashFromOperatingActivities": 1264800000, "depreciation": 391300000, "otherCashflowsFromInvestingActivities": -25900000, "dividendsPaid": -561900000, "changeToInventory": -232400000, "changeToAccountReceivables": -183400000, "changeToNetincome": 420300000, "capitalExpenditures": -423500000}, "2022-01-02": {"investments": 57200000, "changeToLiabilities": 545300000, "totalCashflowsFromInvestingActivities": -401000000, "netBorrowings": 200000000, "totalCashFromFinancingActivities": -3969200000, "changeToOperatingActivities": -219300000, "issuanceOfStock": 41300000, "netIncome": 815900000, "changeInCash": -2486300000, "repurchaseOfStock": -3634500000, "effectOfExchangeRate": 13000000, "totalCashFromOperatingActivities": 1870900000, "depreciation": 386400000, "otherCashflowsFromInvestingActivities": -41400000, "dividendsPaid": -576000000, "changeToInventory": -36000000, "changeToAccountReceivables": -91600000, "changeToNetincome": 470200000, "capitalExpenditures": -416800000}, "2021-10-03": {"investments": -5100000, "changeToLiabilities": 23200000, "totalCashflowsFromInvestingActivities": 666700000, "netBorrowings": -4100000, "totalCashFromFinancingActivities": -483100000, "changeToOperatingActivities": -219900000, "issuanceOfStock": 54600000, "netIncome": 1764400000, "changeInCash": 1702600000, "repurchaseOfStock": -2800000, "effectOfExchangeRate": -1700000, "totalCashFromOperatingActivities": 1520700000, "depreciation": 434100000, "otherCashflowsFromInvestingActivities": -18900000, "dividendsPaid": -530800000, "changeToInventory": -58200000, "changeToAccountReceivables": -29900000, "changeToNetincome": -550200000, "capitalExpenditures": -484300000}}}}, "CMG": {"balance": {"annual": {"2021-12-31": {"capitalSurplus": 1729312000, "totalLiab": 4355584000, "totalStockholderEquity": 2297374000, "otherCurrentLiab": 204449000, "totalAssets": 6652958000, "commonStock": 371000, "retainedEarnings": 3929147000, "otherLiab": 180301000, "goodWill": 21939000, "treasuryStock": -3361456000, "otherAssets": 78321000, "cash": 815374000, "totalCurrentLiabilities": 873682000, "otherStockholderEquity": -5354000, "propertyPlantEquipment": 4887572000, "totalCurrentAssets": 1381564000, "longTermInvestments": 283562000, "netTangibleAssets": 2275435000, "shortTermInvestments": 260945000, "netReceivables": 193663000, "inventory": 32826000, "accountsPayable": 163161000}, "2020-12-31": {"capitalSurplus": 1549909000, "totalLiab": 3962761000, "totalStockholderEquity": 2020135000, "otherCurrentLiab": 178964000, "totalAssets": 5982896000, "commonStock": 367000, "retainedEarnings": 3276163000, "otherLiab": 188266000, "goodWill": 21939000, "treasuryStock": -2806304000, "otherAssets": 77367000, "cash": 607987000, "totalCurrentLiabilities": 822199000, "otherStockholderEquity": -4229000, "propertyPlantEquipment": 4351496000, "totalCurrentAssets": 1420237000, "longTermInvestments": 111857000, "netTangibleAssets": 1998196000, "shortTermInvestments": 343616000, "netReceivables": 387283000, "inventory": 26445000, "accountsPayable": 121990000}, "2019-12-31": {"capitalSurplus": 1465697000, "totalLiab": 3421578000, "totalStockholderEquity": 1683026000, "otherCurrentLiab": 140916000, "totalAssets": 5104604000, "commonStock": 363000, "retainedEarnings": 2921448000, "otherLiab": 76611000, "goodWill": 21939000, "treasuryStock": -2704482000, "otherAssets": 46305000, "cash": 480626000, "totalCurrentLiabilities": 666593000, "otherStockholderEquity": -5363000, "propertyPlantEquipment": 3964156000, "totalCurrentAssets": 1072204000, "netTangibleAssets": 1661087000, "shortTermInvestments": 400156000, "netReceivables": 108250000, "inventory": 26096000, "accountsPayable": 115816000}, "2018-12-31": {"capitalSurplus": 1374154000, "totalLiab": 824179000, "totalStockholderEquity": 1441339000, "otherCurrentLiab": 109553000, "totalAssets": 2265518000, "commonStock": 360000, "retainedEarnings": 2573617000, "otherLiab": 374189000, "goodWill": 21939000, "treasuryStock": -2506792000, "otherAssets": 49531000, "cash": 249953000, "totalCurrentLiabilities": 449990000, "otherStockholderEquity": -6236000, "propertyPlantEquipment": 1379254000, "totalCurrentAssets": 814794000, "netTangibleAssets": 1419400000, "shortTermInvestments": 426845000, "netReceivables": 62312000, "inventory": 21555000, "accountsPayable": 113071000}}, "quarterly": {"2022-06-30": {"capitalSurplus": 1782303000, "totalLiab": 4391137000, "totalStockholderEquity": 2154199000, "otherCurrentLiab": 163571000, "totalAssets": 6545336000, "commonStock": 373000, "retainedEarnings": 4347383000, "otherLiab": 166091000, "goodWill": 21939000, "treasuryStock": -3975860000, "otherAssets": 81394000, "cash": 520933000, "totalCurrentLiabilities": 831623000, "otherStockholderEquity": -6639000, "propertyPlantEquipment": 5023282000, "totalCurrentAssets": 1046299000, "longTermInvestments": 372422000, "netTangibleAssets": 2132260000, "shortTermInvestments": 240684000, "netReceivables": 181510000, "inventory": 29456000, "accountsPayable": 158581000}, "2022-03-31": {"capitalSurplus": 1753328000, "totalLiab": 4333297000, "totalStockholderEquity": 2133960000, "otherCurrentLiab": 157796000, "totalAssets": 6467257000, "commonStock": 373000, "retainedEarnings": 4087441000, "otherLiab": 168240000, "goodWill": 21939000, "treasuryStock": -3707182000, "otherAssets": 80240000, "cash": 615863000, "totalCurrentLiabilities": 833738000, "otherStockholderEquity": -5159000, "propertyPlantEquipment": 4926582000, "totalCurrentAssets": 1096493000, "longTermInvestments": 342003000, "netTangibleAssets": 2112021000, "shortTermInvestments": 240379000, "netReceivables": 139996000, "inventory": 29852000, "accountsPayable": 168905000}, "2021-12-31": {"capitalSurplus": 1729312000, "totalLiab": 4355584000, "totalStockholderEquity": 2297374000, "otherCurrentLiab": 204449000, "totalAssets": 6652958000, "commonStock": 371000, "retainedEarnings": 3929147000, "otherLiab": 180301000, "goodWill": 21939000, "treasuryStock": -3361456000, "otherAssets": 78321000, "cash": 815374000, "totalCurrentLiabilities": 873682000, "otherStockholderEquity": -5354000, "propertyPlantEquipment": 4887572000, "totalCurrentAssets": 1381564000, "longTermInvestments": 283562000, "netTangibleAssets": 2275435000, "shortTermInvestments": 260945000, "netReceivables": 193663000, "inventory": 32826000, "accountsPayable": 163161000}, "2021-09-30": {"capitalSurplus": 1690806000, "totalLiab": 4316659000, "totalStockholderEquity": 2310908000, "otherCurrentLiab": 153504000, "totalAssets": 6627567000, "commonStock": 371000, "retainedEarnings": 3795672000, "otherLiab": 190820000, "goodWill": 21939000, "treasuryStock": -3175941000, "otherAssets": 76289000, "cash": 721109000, "totalCurrentLiabilities": 850964000, "otherStockholderEquity": -5143000, "propertyPlantEquipment": 4813269000, "totalCurrentAssets": 1518606000, "longTermInvestments": 197464000, "netTangibleAssets": 2288969000, "shortTermInvestments": 301534000, "netReceivables": 394692000, "inventory": 28450000, "accountsPayable": 171712000}}}, "income": {"annual": {"2021-12-31": {"researchDevelopment": null, "effectOfAccountingCharges": null, "incomeBeforeTax": 812763000, "minorityInterest": null, "netIncome": 652984000, "sellingGeneralAdministrative": 823788000, "grossProfit": 2904063000, "ebit": 829647000, "operatingIncome": 829647000, "otherOperatingExpenses": 974707000, "interestExpense": -180000, "extraordinaryItems": null, "nonRecurring": null, "otherItems": null, "incomeTaxExpense": 159779000, "totalRevenue": 7547061000, "totalOperatingExpenses": 6717414000, "costOfRevenue": 4642998000, "totalOtherIncomeExpenseNet": -16884000, "discontinuedOperations": null, "netIncomeFromContinuingOps": 652984000, "netIncomeApplicableToCommonShares": 652984000}, "2020-12-31": {"researchDevelopment": null, "effectOfAccountingCharges": null, "incomeBeforeTax": 293781000, "minorityInterest": null, "netIncome": 355766000, "sellingGeneralAdministrative": 682748000, "grossProfit": 2071093000, "ebit": 327140000, "operatingIncome": 327140000, "otherOperatingExpenses": 807156000, "interestExpense": -554000, "extraordinaryItems": null, "nonRecurring": null, "otherItems": null, "incomeTaxExpense": -61985000, "totalRevenue": 5984634000, "totalOperatingExpenses": 5657494000, "costOfRevenue": 3913541000, "totalOtherIncomeExpenseNet": -33359000, "discontinuedOperations": null, "netIncomeFromContinuingOps": 355766000, "netIncomeApplicableToCommonShares": 355766000}, "2019-12-31": {"researchDevelopment": null, "effectOfAccountingCharges": null, "incomeBeforeTax": 458285000, "minorityInterest": null, "netIncome": 350158000, "sellingGeneralAdministrative": 611214000, "grossProfit": 1903321000, "ebit": 479509000, "operatingIncome": 479509000, "otherOperatingExpenses": 588712000, "interestExpense": -1853000, "extraordinaryItems": null, "nonRecurring": null, "otherItems": null, "incomeTaxExpense": 108127000, "totalRevenue": 5586369000, "totalOperatingExpenses": 5106860000, "costOfRevenue": 3683048000, "totalOtherIncomeExpenseNet": -21224000, "discontinuedOperations": null, "netIncomeFromContinuingOps": 350158000, "netIncomeApplicableToCommonShares": 350158000}, "2018-12-31": {"researchDevelopment": null, "effectOfAccountingCharges": null, "incomeBeforeTax": 268436000, "minorityInterest": null, "netIncome": 176553000, "sellingGeneralAdministrative": 460103000, "grossProfit": 1591023000, "ebit": 352059000, "operatingIncome": 352059000, "otherOperatingExpenses": 568336000, "interestExpense": -536000, "extraordinaryItems": null, "nonRecurring": null, "otherItems": null, "incomeTaxExpense": 91883000, "totalRevenue": 4864985000, "totalOperatingExpenses": 4512926000, "costOfRevenue": 3273962000, "totalOtherIncomeExpenseNet": -83623000, "discontinuedOperations": null, "netIncomeFromContinuingOps": 176553000, "netIncomeApplicableToCommonShares": 176553000}}, "quarterly": {"2022-06-30": {"researchDevelopment": null, "effectOfAccountingCharges": null, "incomeBeforeTax": 348170000, "minorityInterest": null, "netIncome": 259942000, "sellingGeneralAdministrative": 140820000, "grossProfit": 875566000, "ebit": 342279000, "operatingIncome": 342279000, "otherOperatingExpenses": 317481000, "interestExpense": null, "extraordinaryItems": null, "nonRecurring": null, "otherItems": null, "incomeTaxExpense": 88228000, "totalRevenue": 2213339000, "totalOperatingExpenses": 1871060000, "costOfRevenue": 1337773000, "totalOtherIncomeExpenseNet": 5891000, "discontinuedOperations": null, "netIncomeFromContinuingOps": 259942000, "netIncomeApplicableToCommonShares": 259942000}, "2022-03-31": {"researchDevelopment": null, "effectOfAccountingCharges": null, "incomeBeforeTax": 190008000, "minorityInterest": null, "netIncome": 158294000, "sellingGeneralAdministrative": 147402000, "grossProfit": 749641000, "ebit": 194531000, "operatingIncome": 194531000, "otherOperatingExpenses": 330695000, "interestExpense": -213000, "extraordinaryItems": null, "nonRecurring": null, "otherItems": null, "incomeTaxExpense": 31714000, "totalRevenue": 2020539000, "totalOperatingExpenses": 1826008000, "costOfRevenue": 1270898000, "totalOtherIncomeExpenseNet": -4523000, "discontinuedOperations": null, "netIncomeFromContinuingOps": 158294000, "netIncomeApplicableToCommonShares": 158294000}, "2021-12-31": {"researchDevelopment": null, "effectOfAccountingCharges": null, "incomeBeforeTax": 167559000, "minorityInterest": null, "netIncome": 133475000, "sellingGeneralAdministrative": 376711000, "grossProfit": 716470000, "ebit": 168408000, "operatingIncome": 168408000, "otherOperatingExpenses": 98105000, "interestExpense": -213000, "extraordinaryItems": null, "nonRecurring": null, "otherItems": null, "incomeTaxExpense": 34084000, "totalRevenue": 1960633000, "totalOperatingExpenses": 1792225000, "costOfRevenue": 1244163000, "totalOtherIncomeExpenseNet": -849000, "discontinuedOperations": null, "netIncomeFromContinuingOps": 133475000, "netIncomeApplicableToCommonShares": 133475000}, "2021-09-30": {"researchDevelopment": null, "effectOfAccountingCharges": null, "incomeBeforeTax": 239554000, "minorityInterest": null, "netIncome": 204434000, "sellingGeneralAdministrative": 145930000, "grossProfit": 754003000, "ebit": 244338000, "operatingIncome": 244338000, "otherOperatingExpenses": 294650000, "interestExpense": -126000, "extraordinaryItems": null, "nonRecurring": null, "otherItems": null, "incomeTaxExpense": 35120000, "totalRevenue": 1952315000, "totalOperatingExpenses": 1707977000, "costOfRevenue": 1198312000, "totalOtherIncomeExpenseNet": -4784000, "discontinuedOperations": null, "netIncomeFromContinuingOps": 204434000, "netIncomeApplicableToCommonShares": 204434000}}}, "cash": {"annual": {"2021-12-31": {"investments": -83602000, "changeToLiabilities": 55827000, "totalCashflowsFromInvestingActivities": -522042000, "totalCashFromFinancingActivities": -548606000, "changeToOperatingActivities": -43702000, "netIncome": 652984000, "changeInCash": 210394000, "repurchaseOfStock": -546332000, "effectOfExchangeRate": -1039000, "totalCashFromOperatingActivities": 1282081000, "depreciation": 254657000, "changeToInventory": -6392000, "changeToAccountReceivables": -1687000, "otherCashflowsFromFinancingActivities": -2274000, "changeToNetincome": 177015000, "capitalExpenditures": -442475000}, "2020-12-31": {"investments": -59365000, "changeToLiabilities": 33099000, "totalCashflowsFromInvestingActivities": -432717000, "totalCashFromFinancingActivities": -104851000, "changeToOperatingActivities": 65426000, "netIncome": 355766000, "changeInCash": 127355000, "repurchaseOfStock": -102956000, "effectOfExchangeRate": 1076000, "totalCashFromOperatingActivities": 663847000, "depreciation": 238534000, "changeToInventory": -394000, "changeToAccountReceivables": 3010000, "otherCashflowsFromFinancingActivities": -1895000, "changeToNetincome": 223657000, "capitalExpenditures": -373352000}, "2019-12-31": {"investments": 27969000, "changeToLiabilities": 29427000, "totalCashflowsFromInvestingActivities": -291974000, "totalCashFromFinancingActivities": -201735000, "changeToOperatingActivities": 42311000, "netIncome": 350158000, "changeInCash": 228329000, "repurchaseOfStock": -201037000, "effectOfExchangeRate": 406000, "totalCashFromOperatingActivities": 721632000, "depreciation": 212778000, "changeToInventory": -4530000, "changeToAccountReceivables": -2630000, "otherCashflowsFromFinancingActivities": -698000, "changeToNetincome": 126201000, "capitalExpenditures": -333912000}, "2018-12-31": {"investments": -100188000, "changeToLiabilities": 38909000, "totalCashflowsFromInvestingActivities": -387578000, "totalCashFromFinancingActivities": -166535000, "changeToOperatingActivities": 60749000, "netIncome": 176553000, "changeInCash": 65982000, "repurchaseOfStock": -166348000, "effectOfExchangeRate": -1457000, "totalCashFromOperatingActivities": 621552000, "depreciation": 201979000, "changeToInventory": -1722000, "changeToAccountReceivables": -8298000, "otherCashflowsFromFinancingActivities": -187000, "changeToNetincome": 138943000, "capitalExpenditures": -287390000}}, "quarterly": {"2022-06-30": {"investments": -15798000, "changeToLiabilities": -17132000, "totalCashflowsFromInvestingActivities": -116131000, "totalCashFromFinancingActivities": -264925000, "changeToOperatingActivities": -1702000, "netIncome": 259942000, "changeInCash": -94907000, "repurchaseOfStock": -264696000, "effectOfExchangeRate": -637000, "totalCashFromOperatingActivities": 286786000, "depreciation": 69733000, "changeToInventory": 350000, "changeToAccountReceivables": 1959000, "otherCashflowsFromFinancingActivities": -229000, "changeToNetincome": 20835000, "capitalExpenditures": -100333000}, "2022-03-31": {"investments": -36904000, "changeToLiabilities": -5902000, "totalCashflowsFromInvestingActivities": -133066000, "totalCashFromFinancingActivities": -349478000, "changeToOperatingActivities": -9801000, "netIncome": 158294000, "changeInCash": -199495000, "repurchaseOfStock": -349119000, "effectOfExchangeRate": 147000, "totalCashFromOperatingActivities": 282902000, "depreciation": 71665000, "changeToInventory": 2970000, "changeToAccountReceivables": 10394000, "otherCashflowsFromFinancingActivities": -359000, "changeToNetincome": 11915000, "capitalExpenditures": -96162000}, "2021-12-31": {"investments": -38144000, "changeToLiabilities": 30093000, "totalCashflowsFromInvestingActivities": -158900000, "totalCashFromFinancingActivities": -182039000, "changeToOperatingActivities": -16222000, "netIncome": 133475000, "changeInCash": 97230000, "repurchaseOfStock": -182107000, "effectOfExchangeRate": -251000, "totalCashFromOperatingActivities": 438420000, "depreciation": 66262000, "changeToInventory": -4396000, "changeToAccountReceivables": -23569000, "otherCashflowsFromFinancingActivities": 68000, "changeToNetincome": 23548000, "capitalExpenditures": -121906000}, "2021-09-30": {"investments": -16583000, "changeToLiabilities": 24696000, "totalCashflowsFromInvestingActivities": -125029000, "totalCashFromFinancingActivities": -102348000, "changeToOperatingActivities": 90486000, "netIncome": 204434000, "changeInCash": 52854000, "repurchaseOfStock": -102214000, "effectOfExchangeRate": -572000, "totalCashFromOperatingActivities": 280803000, "depreciation": -42294000, "changeToInventory": -3305000, "changeToAccountReceivables": -15404000, "otherCashflowsFromFinancingActivities": -134000, "changeToNetincome": 56189000, "capitalExpenditures": -108446000}}}}, "YUM": {"balance": {"annual": {"2021-12-31": {"intangibleAssets": 359000000, "totalLiab": 14339000000, "totalStockholderEquity": -8373000000, "otherCurrentLiab": 395000000, "totalAssets": 5966000000, "otherCurrentAssets": 262000000, "retainedEarnings": -8048000000, "otherLiab": 899000000, "goodWill": 657000000, "treasuryStock": -325000000, "otherAssets": 1278000000, "cash": 486000000, "totalCurrentLiabilities": 1415000000, "deferredLongTermAssetCharges": 724000000, "shortLongTermDebt": 99000000, "otherStockholderEquity": -325000000, "propertyPlantEquipment": 2016000000, "totalCurrentAssets": 1532000000, "longTermInvestments": 124000000, "netTangibleAssets": -9389000000, "netReceivables": 646000000, "longTermDebt": 11175000000, "accountsPayable": 227000000}, "2020-12-31": {"intangibleAssets": 343000000, "totalLiab": 13743000000, "totalStockholderEquity": -7891000000, "otherCurrentLiab": 388000000, "totalAssets": 5852000000, "otherCurrentAssets": 266000000, "retainedEarnings": -7480000000, "otherLiab": 846000000, "goodWill": 597000000, "treasuryStock": -411000000, "otherAssets": 1092000000, "cash": 730000000, "totalCurrentLiabilities": 1675000000, "deferredLongTermAssetCharges": 553000000, "shortLongTermDebt": 474000000, "otherStockholderEquity": -411000000, "propertyPlantEquipment": 2086000000, "totalCurrentAssets": 1689000000, "longTermInvestments": 45000000, "netTangibleAssets": -8831000000, "netReceivables": 569000000, "longTermDebt": 10334000000, "accountsPayable": 215000000}, "2019-12-31": {"intangibleAssets": 244000000, "totalLiab": 13247000000, "totalStockholderEquity": -8016000000, "otherCurrentLiab": 499000000, "totalAssets": 5231000000, "otherCurrentAssets": 163000000, "retainedEarnings": -7628000000, "otherLiab": 864000000, "goodWill": 530000000, "treasuryStock": -388000000, "otherAssets": 935000000, "cash": 605000000, "totalCurrentLiabilities": 1541000000, "deferredLongTermAssetCharges": 447000000, "shortLongTermDebt": 424000000, "otherStockholderEquity": -388000000, "propertyPlantEquipment": 1812000000, "totalCurrentAssets": 1527000000, "longTermInvestments": 183000000, "netTangibleAssets": -8790000000, "netReceivables": 623000000, "longTermDebt": 10132000000, "accountsPayable": 173000000}, "2018-12-31": {"intangibleAssets": 242000000, "totalLiab": 12056000000, "totalStockholderEquity": -7926000000, "otherCurrentLiab": 416000000, "totalAssets": 4130000000, "otherCurrentAssets": 180000000, "retainedEarnings": -7592000000, "otherLiab": 981000000, "goodWill": 525000000, "treasuryStock": -334000000, "otherAssets": 649000000, "cash": 292000000, "totalCurrentLiabilities": 1301000000, "deferredLongTermAssetCharges": 195000000, "shortLongTermDebt": 311000000, "otherStockholderEquity": -334000000, "propertyPlantEquipment": 1237000000, "totalCurrentAssets": 1207000000, "longTermInvestments": 270000000, "netTangibleAssets": -8693000000, "netReceivables": 597000000, "longTermDebt": 9713000000, "accountsPayable": 202000000}}, "quarterly": {"2022-06-30": {"intangibleAssets": 361000000, "totalLiab": 14358000000, "totalStockholderEquity": -8568000000, "otherCurrentLiab": 21000000, "totalAssets": 5790000000, "otherCurrentAssets": 185000000, "retainedEarnings": -8274000000, "otherLiab": 874000000, "goodWill": 649000000, "treasuryStock": -294000000, "otherAssets": 1279000000, "cash": 412000000, "totalCurrentLiabilities": 1183000000, "deferredLongTermAssetCharges": 702000000, "shortLongTermDebt": 72000000, "otherStockholderEquity": -294000000, "propertyPlantEquipment": 1968000000, "totalCurrentAssets": 1429000000, "longTermInvestments": 104000000, "netTangibleAssets": -9578000000, "netReceivables": 598000000, "longTermDebt": 11480000000, "accountsPayable": 1090000000}, "2022-03-31": {"intangibleAssets": 354000000, "totalLiab": 14307000000, "totalStockholderEquity": -8491000000, "otherCurrentLiab": 27000000, "totalAssets": 5816000000, "otherCurrentAssets": 227000000, "retainedEarnings": -8199000000, "otherLiab": 892000000, "goodWill": 656000000, "treasuryStock": -292000000, "otherAssets": 1356000000, "cash": 365000000, "totalCurrentLiabilities": 1302000000, "deferredLongTermAssetCharges": 784000000, "shortLongTermDebt": 72000000, "otherStockholderEquity": -292000000, "propertyPlantEquipment": 1972000000, "totalCurrentAssets": 1356000000, "longTermInvestments": 122000000, "netTangibleAssets": -9501000000, "netReceivables": 565000000, "longTermDebt": 11291000000, "accountsPayable": 1185000000}, "2021-12-31": {"intangibleAssets": 359000000, "totalLiab": 14339000000, "totalStockholderEquity": -8373000000, "otherCurrentLiab": 395000000, "totalAssets": 5966000000, "otherCurrentAssets": 262000000, "retainedEarnings": -8048000000, "otherLiab": 899000000, "goodWill": 657000000, "treasuryStock": -325000000, "otherAssets": 1278000000, "cash": 486000000, "totalCurrentLiabilities": 1415000000, "deferredLongTermAssetCharges": 724000000, "shortLongTermDebt": 99000000, "otherStockholderEquity": -325000000, "propertyPlantEquipment": 2016000000, "totalCurrentAssets": 1532000000, "longTermInvestments": 124000000, "netTangibleAssets": -9389000000, "netReceivables": 646000000, "longTermDebt": 11175000000, "accountsPayable": 227000000}, "2021-09-30": {"intangibleAssets": 361000000, "totalLiab": 14274000000, "totalStockholderEquity": -7855000000, "otherCurrentLiab": 36000000, "totalAssets": 6419000000, "otherCurrentAssets": 304000000, "retainedEarnings": -7524000000, "otherLiab": 842000000, "goodWill": 650000000, "treasuryStock": -331000000, "otherAssets": 1233000000, "cash": 1001000000, "totalCurrentLiabilities": 1355000000, "deferredLongTermAssetCharges": 694000000, "shortLongTermDebt": 58000000, "otherStockholderEquity": -331000000, "propertyPlantEquipment": 2028000000, "totalCurrentAssets": 2062000000, "longTermInvestments": 85000000, "netTangibleAssets": -8866000000, "netReceivables": 548000000, "longTermDebt": 11249000000, "accountsPayable": 1211000000}}}, "income": {"annual": {"2021-12-31": {"researchDevelopment": null, "effectOfAccountingCharges": null, "incomeBeforeTax": 1674000000, "minorityInterest": null, "netIncome": 1575000000, "sellingGeneralAdministrative": 1061000000, "grossProfit": 3166000000, "ebit": 2137000000, "operatingIncome": 2137000000, "otherOperatingExpenses": -32000000, "interestExpense": -551000000, "extraordinaryItems": null, "nonRecurring": null, "otherItems": null, "incomeTaxExpense": 99000000, "totalRevenue": 6584000000, "totalOperatingExpenses": 4447000000, "costOfRevenue": 3418000000, "totalOtherIncomeExpenseNet": -463000000, "discontinuedOperations": null, "netIncomeFromContinuingOps": 1575000000, "netIncomeApplicableToCommonShares": 1575000000}, "2020-12-31": {"researchDevelopment": null, "effectOfAccountingCharges": null, "incomeBeforeTax": 1020000000, "minorityInterest": null, "netIncome": 904000000, "sellingGeneralAdministrative": 990000000, "grossProfit": 2692000000, "ebit": 1728000000, "operatingIncome": 1728000000, "otherOperatingExpenses": -26000000, "interestExpense": -558000000, "extraordinaryItems": null, "nonRecurring": null, "otherItems": null, "incomeTaxExpense": 116000000, "totalRevenue": 5652000000, "totalOperatingExpenses": 3924000000, "costOfRevenue": 2960000000, "totalOtherIncomeExpenseNet": -708000000, "discontinuedOperations": null, "netIncomeFromContinuingOps": 904000000, "netIncomeApplicableToCommonShares": 904000000}, "2019-12-31": {"researchDevelopment": null, "effectOfAccountingCharges": null, "incomeBeforeTax": 1373000000, "minorityInterest": null, "netIncome": 1294000000, "sellingGeneralAdministrative": 921000000, "grossProfit": 2827000000, "ebit": 1931000000, "operatingIncome": 1931000000, "otherOperatingExpenses": -25000000, "interestExpense": -519000000, "extraordinaryItems": null, "nonRecurring": null, "otherItems": null, "incomeTaxExpense": 79000000, "totalRevenue": 5597000000, "totalOperatingExpenses": 3666000000, "costOfRevenue": 2770000000, "totalOtherIncomeExpenseNet": -558000000, "discontinuedOperations": null, "netIncomeFromContinuingOps": 1294000000, "netIncomeApplicableToCommonShares": 1294000000}, "2018-12-31": {"researchDevelopment": null, "effectOfAccountingCharges": null, "incomeBeforeTax": 1839000000, "minorityInterest": null, "netIncome": 1542000000, "sellingGeneralAdministrative": 901000000, "grossProfit": 2664000000, "ebit": 1763000000, "operatingIncome": 1763000000, "otherOperatingExpenses": 7000000, "interestExpense": -496000000, "extraordinaryItems": null, "nonRecurring": null, "otherItems": null, "incomeTaxExpense": 297000000, "totalRevenue": 5688000000, "totalOperatingExpenses": 3925000000, "costOfRevenue": 3024000000, "totalOtherIncomeExpenseNet": 76000000, "discontinuedOperations": null, "netIncomeFromContinuingOps": 1542000000, "netIncomeApplicableToCommonShares": 1542000000}}, "quarterly": {"2022-06-30": {"researchDevelopment": null, "effectOfAccountingCharges": null, "incomeBeforeTax": 390000000, "minorityInterest": null, "netIncome": 224000000, "sellingGeneralAdministrative": 255000000, "grossProfit": 796000000, "ebit": 562000000, "operatingIncome": 562000000, "otherOperatingExpenses": -21000000, "interestExpense": -120000000, "extraordinaryItems": null, "nonRecurring": null, "otherItems": null, "incomeTaxExpense": 166000000, "totalRevenue": 1636000000, "totalOperatingExpenses": 1074000000, "costOfRevenue": 840000000, "totalOtherIncomeExpenseNet": -172000000, "discontinuedOperations": null, "netIncomeFromContinuingOps": 224000000, "netIncomeApplicableToCommonShares": 224000000}, "2022-03-31": {"researchDevelopment": null, "effectOfAccountingCharges": null, "incomeBeforeTax": 398000000, "minorityInterest": null, "netIncome": 399000000, "sellingGeneralAdministrative": 253000000, "grossProfit": 752000000, "ebit": 494000000, "operatingIncome": 494000000, "otherOperatingExpenses": 5000000, "interestExpense": -118000000, "extraordinaryItems": null, "nonRecurring": null, "otherItems": null, "incomeTaxExpense": -1000000, "totalRevenue": 1547000000, "totalOperatingExpenses": 1053000000, "costOfRevenue": 795000000, "totalOtherIncomeExpenseNet": -96000000, "discontinuedOperations": null, "netIncomeFromContinuingOps": 399000000, "netIncomeApplicableToCommonShares": 399000000}, "2021-12-31": {"researchDevelopment": null, "effectOfAccountingCharges": null, "incomeBeforeTax": 407000000, "minorityInterest": null, "netIncome": 330000000, "sellingGeneralAdministrative": 366000000, "grossProfit": 873000000, "ebit": 522000000, "operatingIncome": 522000000, "otherOperatingExpenses": -15000000, "interestExpense": -135000000, "extraordinaryItems": null, "nonRecurring": null, "otherItems": null, "incomeTaxExpense": 77000000, "totalRevenue": 1890000000, "totalOperatingExpenses": 1368000000, "costOfRevenue": 1017000000, "totalOtherIncomeExpenseNet": -115000000, "discontinuedOperations": null, "netIncomeFromContinuingOps": 330000000, "netIncomeApplicableToCommonShares": 330000000}, "2021-09-30": {"researchDevelopment": null, "effectOfAccountingCharges": null, "incomeBeforeTax": 451000000, "minorityInterest": null, "netIncome": 528000000, "sellingGeneralAdministrative": 254000000, "grossProfit": 779000000, "ebit": 524000000, "operatingIncome": 524000000, "otherOperatingExpenses": 1000000, "interestExpense": -126000000, "extraordinaryItems": null, "nonRecurring": null, "otherItems": null, "incomeTaxExpense": -77000000, "totalRevenue": 1606000000, "totalOperatingExpenses": 1082000000, "costOfRevenue": 827000000, "totalOtherIncomeExpenseNet": -73000000, "discontinuedOperations": null, "netIncomeFromContinuingOps": 528000000, "netIncomeApplicableToCommonShares": 528000000}}}, "cash": {"annual": {"2021-12-31": {"changeToLiabilities": 122000000, "totalCashflowsFromInvestingActivities": -173000000, "netBorrowings": 493000000, "totalCashFromFinancingActivities": -1767000000, "changeToOperatingActivities": -33000000, "netIncome": 1575000000, "changeInCash": -253000000, "repurchaseOfStock": -1591000000, "effectOfExchangeRate": -19000000, "totalCashFromOperatingActivities": 1706000000, "depreciation": 164000000, "otherCashflowsFromInvestingActivities": -28000000, "dividendsPaid": -592000000, "changeToAccountReceivables": -46000000, "otherCashflowsFromFinancingActivities": -77000000, "changeToNetincome": -35000000, "capitalExpenditures": -230000000}, "2020-12-31": {"investments": 206000000, "changeToLiabilities": 128000000, "totalCashflowsFromInvestingActivities": -335000000, "netBorrowings": 128000000, "totalCashFromFinancingActivities": -738000000, "changeToOperatingActivities": 8000000, "netIncome": 904000000, "changeInCash": 256000000, "repurchaseOfStock": -239000000, "effectOfExchangeRate": 24000000, "totalCashFromOperatingActivities": 1305000000, "depreciation": 146000000, "otherCashflowsFromInvestingActivities": 8000000, "dividendsPaid": -566000000, "changeToAccountReceivables": 62000000, "otherCashflowsFromFinancingActivities": -61000000, "changeToNetincome": 167000000, "capitalExpenditures": -160000000}, "2019-12-31": {"investments": 206000000, "changeToLiabilities": -36000000, "totalCashflowsFromInvestingActivities": -88000000, "netBorrowings": 473000000, "totalCashFromFinancingActivities": -938000000, "changeToOperatingActivities": -8000000, "netIncome": 1294000000, "changeInCash": 294000000, "repurchaseOfStock": -815000000, "effectOfExchangeRate": 5000000, "totalCashFromOperatingActivities": 1315000000, "depreciation": 112000000, "otherCashflowsFromInvestingActivities": -2000000, "dividendsPaid": -511000000, "changeToAccountReceivables": -56000000, "otherCashflowsFromFinancingActivities": -85000000, "changeToNetincome": -14000000, "capitalExpenditures": -196000000}, "2018-12-31": {"investments": -200000000, "changeToLiabilities": -68000000, "totalCashflowsFromInvestingActivities": 313000000, "netBorrowings": 292000000, "totalCashFromFinancingActivities": -2620000000, "changeToOperatingActivities": -8000000, "netIncome": 1542000000, "changeInCash": -1194000000, "repurchaseOfStock": -2390000000, "effectOfExchangeRate": -63000000, "totalCashFromOperatingActivities": 1176000000, "depreciation": 137000000, "otherCashflowsFromInvestingActivities": -12000000, "dividendsPaid": -462000000, "changeToAccountReceivables": -66000000, "otherCashflowsFromFinancingActivities": -60000000, "changeToNetincome": -434000000, "capitalExpenditures": -234000000}}, "quarterly": {"2022-06-30": {"changeToLiabilities": -37000000, "totalCashflowsFromInvestingActivities": -35000000, "netBorrowings": 182000000, "totalCashFromFinancingActivities": -209000000, "changeToOperatingActivities": 11000000, "netIncome": 224000000, "changeInCash": 10000000, "repurchaseOfStock": -214000000, "effectOfExchangeRate": -15000000, "totalCashFromOperatingActivities": 269000000, "depreciation": 34000000, "otherCashflowsFromInvestingActivities": 3000000, "dividendsPaid": -162000000, "changeToAccountReceivables": -33000000, "otherCashflowsFromFinancingActivities": -15000000, "changeToNetincome": 122000000, "capitalExpenditures": -55000000}, "2022-03-31": {"changeToLiabilities": -176000000, "totalCashflowsFromInvestingActivities": -29000000, "netBorrowings": 159000000, "totalCashFromFinancingActivities": -377000000, "changeToOperatingActivities": -13000000, "netIncome": 399000000, "changeInCash": -153000000, "repurchaseOfStock": -343000000, "effectOfExchangeRate": -15000000, "totalCashFromOperatingActivities": 253000000, "depreciation": 37000000, "otherCashflowsFromInvestingActivities": -11000000, "dividendsPaid": -165000000, "changeToAccountReceivables": 29000000, "otherCashflowsFromFinancingActivities": -28000000, "changeToNetincome": -52000000, "capitalExpenditures": -42000000}, "2021-12-31": {"changeToLiabilities": 98000000, "totalCashflowsFromInvestingActivities": -50000000, "netBorrowings": -10000000, "totalCashFromFinancingActivities": -886000000, "changeToOperatingActivities": -28000000, "netIncome": 330000000, "changeInCash": -540000000, "repurchaseOfStock": -734000000, "effectOfExchangeRate": -18000000, "totalCashFromOperatingActivities": 414000000, "depreciation": 47000000, "otherCashflowsFromInvestingActivities": 5000000, "dividendsPaid": -146000000, "changeToAccountReceivables": -46000000, "otherCashflowsFromFinancingActivities": 4000000, "changeToNetincome": 9000000, "capitalExpenditures": -92000000}, "2021-09-30": {"changeToLiabilities": 119000000, "totalCashflowsFromInvestingActivities": -115000000, "netBorrowings": 605000000, "totalCashFromFinancingActivities": 85000000, "changeToOperatingActivities": 6000000, "netIncome": 528000000, "changeInCash": 477000000, "repurchaseOfStock": -327000000, "effectOfExchangeRate": -12000000, "totalCashFromOperatingActivities": 519000000, "depreciation": 39000000, "otherCashflowsFromInvestingActivities": -66000000, "dividendsPaid": -147000000, "changeToAccountReceivables": -25000000, "otherCashflowsFromFinancingActivities": -46000000, "changeToNetincome": -128000000, "capitalExpenditures": -54000000}}}}, "DRI": {"balance": {"annual": {"2022-05-29": {"intangibleAssets": 879100000, "totalLiab": 7937600000, "totalStockholderEquity": 2198200000, "otherCurrentLiab": 583100000, "totalAssets": 10135800000, "commonStock": 2226000000, "otherCurrentAssets": 326900000, "retainedEarnings": -25900000, "otherLiab": 414700000, "goodWill": 1037400000, "treasuryStock": -1900000, "otherAssets": 218800000, "cash": 420600000, "totalCurrentLiabilities": 1847500000, "shortLongTermDebt": 28000000, "otherStockholderEquity": -1900000, "propertyPlantEquipment": 6821100000, "totalCurrentAssets": 1179400000, "netTangibleAssets": 281700000, "netReceivables": 71400000, "longTermDebt": 901000000, "inventory": 270600000, "accountsPayable": 366900000}, "2021-05-30": {"intangibleAssets": 873200000, "totalLiab": 7843000000, "totalStockholderEquity": 2813100000, "otherCurrentLiab": 670500000, "totalAssets": 10656100000, "commonStock": 2286600000, "otherCurrentAssets": 340200000, "retainedEarnings": 522300000, "otherLiab": 421100000, "goodWill": 1037400000, "treasuryStock": 4200000, "otherAssets": 228800000, "cash": 1214700000, "totalCurrentLiabilities": 1848300000, "shortLongTermDebt": 200000, "otherStockholderEquity": 4200000, "propertyPlantEquipment": 6645600000, "totalCurrentAssets": 1871100000, "netTangibleAssets": 902500000, "netReceivables": 65200000, "longTermDebt": 929800000, "inventory": 190800000, "accountsPayable": 304500000}, "2020-05-31": {"intangibleAssets": 891500000, "totalLiab": 7614900000, "totalStockholderEquity": 2331200000, "otherCurrentLiab": 525800000, "totalAssets": 9946100000, "commonStock": 2205300000, "otherCurrentAssets": 24900000, "retainedEarnings": 143500000, "otherLiab": 248600000, "goodWill": 1037400000, "treasuryStock": -17600000, "otherAssets": 189700000, "cash": 763300000, "totalCurrentLiabilities": 1792800000, "otherStockholderEquity": -17600000, "propertyPlantEquipment": 6726100000, "totalCurrentAssets": 1101400000, "netTangibleAssets": 402300000, "netReceivables": 43300000, "longTermDebt": 928800000, "inventory": 206900000, "accountsPayable": 249400000}, "2019-05-26": {"intangibleAssets": 1075400000, "totalLiab": 3500200000, "totalStockholderEquity": 2392600000, "otherCurrentLiab": 503900000, "totalAssets": 5892800000, "commonStock": 1685000000, "otherCurrentAssets": 41600000, "retainedEarnings": 806600000, "otherLiab": 929900000, "goodWill": 1183700000, "treasuryStock": -99000000, "otherAssets": 188500000, "cash": 457300000, "totalCurrentLiabilities": 1474100000, "otherStockholderEquity": -99000000, "propertyPlantEquipment": 2552600000, "totalCurrentAssets": 892600000, "netTangibleAssets": 133500000, "netReceivables": 88300000, "longTermDebt": 927700000, "inventory": 207300000, "accountsPayable": 332600000}}, "quarterly": {"2022-05-29": {"intangibleAssets": 879100000, "totalLiab": 7937600000, "totalStockholderEquity": 2198200000, "otherCurrentLiab": 583100000, "totalAssets": 10135800000, "commonStock": 2226000000, "otherCurrentAssets": 326900000, "retainedEarnings": -25900000, "otherLiab": 414700000, "goodWill": 1037400000, "treasuryStock": -1900000, "otherAssets": 218800000, "cash": 420600000, "totalCurrentLiabilities": 1847500000, "shortLongTermDebt": 28000000, "otherStockholderEquity": -1900000, "propertyPlantEquipment": 6821100000, "totalCurrentAssets": 1179400000, "netTangibleAssets": 281700000, "netReceivables": 71400000, "longTermDebt": 901000000, "inventory": 270600000, "accountsPayable": 366900000}, "2022-02-27": {"intangibleAssets": 806300000, "totalLiab": 7919600000, "totalStockholderEquity": 2285800000, "otherCurrentLiab": 1021400000, "totalAssets": 10205400000, "commonStock": 2249800000, "otherCurrentAssets": 350100000, "retainedEarnings": 34000000, "otherLiab": 436400000, "goodWill": 1037400000, "treasuryStock": 2000000, "otherAssets": 296700000, "cash": 555300000, "totalCurrentLiabilities": 1815900000, "shortLongTermDebt": 12100000, "otherStockholderEquity": 2000000, "propertyPlantEquipment": 6784900000, "totalCurrentAssets": 1280100000, "netTangibleAssets": 442100000, "netReceivables": 52100000, "longTermDebt": 916400000, "inventory": 243700000, "accountsPayable": 350000000}, "2021-11-28": {"intangibleAssets": 806300000, "totalLiab": 7860300000, "totalStockholderEquity": 2543000000, "otherCurrentLiab": 1012100000, "totalAssets": 10403300000, "commonStock": 2280600000, "otherCurrentAssets": 389100000, "retainedEarnings": 261800000, "otherLiab": 427900000, "goodWill": 1037400000, "treasuryStock": 600000, "otherAssets": 304900000, "cash": 746300000, "totalCurrentLiabilities": 1780700000, "otherStockholderEquity": 600000, "propertyPlantEquipment": 6740500000, "totalCurrentAssets": 1514200000, "netTangibleAssets": 699300000, "netReceivables": 68100000, "longTermDebt": 929000000, "inventory": 230200000, "accountsPayable": 355400000}, "2021-08-29": {"intangibleAssets": 806300000, "totalLiab": 7789300000, "totalStockholderEquity": 2752400000, "otherCurrentLiab": 983700000, "totalAssets": 10541700000, "commonStock": 2300700000, "otherCurrentAssets": 363900000, "retainedEarnings": 445900000, "otherLiab": 410500000, "goodWill": 1037400000, "treasuryStock": 5800000, "otherAssets": 306600000, "cash": 947800000, "totalCurrentLiabilities": 1715000000, "otherStockholderEquity": 5800000, "propertyPlantEquipment": 6733400000, "totalCurrentAssets": 1658000000, "netTangibleAssets": 908700000, "netReceivables": 51900000, "longTermDebt": 936700000, "inventory": 210900000, "accountsPayable": 325000000}}}, "income": {"annual": {"2022-05-29": {"researchDevelopment": null, "effectOfAccountingCharges": null, "incomeBeforeTax": 1093500000, "minorityInterest": null, "netIncome": 952800000, "sellingGeneralAdministrative": 466400000, "grossProfit": 1995000000, "ebit": 1160200000, "operatingIncome": 1160200000, "otherOperatingExpenses": null, "interestExpense": -70600000, "extraordinaryItems": null, "nonRecurring": null, "otherItems": null, "incomeTaxExpense": 138800000, "totalRevenue": 9630000000, "totalOperatingExpenses": 8469800000, "costOfRevenue": 7635000000, "totalOtherIncomeExpenseNet": -66700000, "discontinuedOperations": -1900000, "netIncomeFromContinuingOps": 954700000, "netIncomeApplicableToCommonShares": 952800000}, "2021-05-30": {"researchDevelopment": null, "effectOfAccountingCharges": null, "incomeBeforeTax": 576500000, "minorityInterest": null, "netIncome": 629300000, "sellingGeneralAdministrative": 487300000, "grossProfit": 1493500000, "ebit": 655300000, "operatingIncome": 655300000, "otherOperatingExpenses": null, "interestExpense": -65200000, "extraordinaryItems": null, "nonRecurring": null, "otherItems": null, "incomeTaxExpense": -55900000, "totalRevenue": 7196100000, "totalOperatingExpenses": 6540800000, "costOfRevenue": 5702600000, "totalOtherIncomeExpenseNet": -78800000, "discontinuedOperations": -3100000, "netIncomeFromContinuingOps": 632400000, "netIncomeApplicableToCommonShares": 629300000}, "2020-05-31": {"researchDevelopment": null, "effectOfAccountingCharges": null, "incomeBeforeTax": -161000000, "minorityInterest": null, "netIncome": -52400000, "sellingGeneralAdministrative": 614400000, "grossProfit": 1408400000, "ebit": 438100000, "operatingIncome": 438100000, "otherOperatingExpenses": null, "interestExpense": -62200000, "extraordinaryItems": null, "nonRecurring": null, "otherItems": null, "incomeTaxExpense": -111800000, "totalRevenue": 7806900000, "totalOperatingExpenses": 7368800000, "costOfRevenue": 6398500000, "totalOtherIncomeExpenseNet": -599100000, "discontinuedOperations": -3200000, "netIncomeFromContinuingOps": -49200000, "netIncomeApplicableToCommonShares": -52400000}, "2019-05-26": {"researchDevelopment": null, "effectOfAccountingCharges": null, "incomeBeforeTax": 782300000, "minorityInterest": null, "netIncome": 713400000, "sellingGeneralAdministrative": 660800000, "grossProfit": 1849000000, "ebit": 851500000, "operatingIncome": 851500000, "otherOperatingExpenses": null, "interestExpense": -54000000, "extraordinaryItems": null, "nonRecurring": null, "otherItems": null, "incomeTaxExpense": 63700000, "totalRevenue": 8510400000, "totalOperatingExpenses": 7658900000, "costOfRevenue": 6661400000, "totalOtherIncomeExpenseNet": -69200000, "discontinuedOperations": -5200000, "netIncomeFromContinuingOps": 718600000, "netIncomeApplicableToCommonShares": 713400000}}, "quarterly": {"2022-05-29": {"researchDevelopment": null, "effectOfAccountingCharges": null, "incomeBeforeTax": 319300000, "minorityInterest": null, "netIncome": 281700000, "sellingGeneralAdministrative": 104400000, "grossProfit": 538400000, "ebit": 341000000, "operatingIncome": 341000000, "otherOperatingExpenses": null, "interestExpense": -20800000, "extraordinaryItems": null, "nonRecurring": null, "otherItems": null, "incomeTaxExpense": 37600000, "totalRevenue": 2602900000, "totalOperatingExpenses": 2261900000, "costOfRevenue": 2064500000, "totalOtherIncomeExpenseNet": -21700000, "discontinuedOperations": null, "netIncomeFromContinuingOps": 281700000, "netIncomeApplicableToCommonShares": 281700000}, "2022-02-27": {"researchDevelopment": null, "effectOfAccountingCharges": null, "incomeBeforeTax": 283300000, "minorityInterest": null, "netIncome": 247000000, "sellingGeneralAdministrative": 110300000, "grossProfit": 501800000, "ebit": 297200000, "operatingIncome": 297200000, "otherOperatingExpenses": null, "interestExpense": -17500000, "extraordinaryItems": null, "nonRecurring": null, "otherItems": null, "incomeTaxExpense": 35400000, "totalRevenue": 2448900000, "totalOperatingExpenses": 2151700000, "costOfRevenue": 1947100000, "totalOtherIncomeExpenseNet": -13900000, "discontinuedOperations": -900000, "netIncomeFromContinuingOps": 247900000, "netIncomeApplicableToCommonShares": 247000000}, "2021-11-28": {"researchDevelopment": null, "effectOfAccountingCharges": null, "incomeBeforeTax": 225900000, "minorityInterest": null, "netIncome": 193200000, "sellingGeneralAdministrative": 113300000, "grossProfit": 448300000, "ebit": 242900000, "operatingIncome": 242900000, "otherOperatingExpenses": null, "interestExpense": -16700000, "extraordinaryItems": null, "nonRecurring": null, "otherItems": null, "incomeTaxExpense": 32500000, "totalRevenue": 2272200000, "totalOperatingExpenses": 2029300000, "costOfRevenue": 1823900000, "totalOtherIncomeExpenseNet": -17000000, "discontinuedOperations": -200000, "netIncomeFromContinuingOps": 193400000, "netIncomeApplicableToCommonShares": 193200000}, "2021-08-29": {"researchDevelopment": null, "effectOfAccountingCharges": null, "incomeBeforeTax": 265000000, "minorityInterest": null, "netIncome": 230900000, "sellingGeneralAdministrative": 136700000, "grossProfit": 506500000, "ebit": 280800000, "operatingIncome": 280800000, "otherOperatingExpenses": null, "interestExpense": -15600000, "extraordinaryItems": null, "nonRecurring": null, "otherItems": null, "incomeTaxExpense": 33300000, "totalRevenue": 2306000000, "totalOperatingExpenses": 2025200000, "costOfRevenue": 1799500000, "totalOtherIncomeExpenseNet": -15800000, "discontinuedOperations": -800000, "netIncomeFromContinuingOps": 231700000, "netIncomeApplicableToCommonShares": 230900000}}}, "cash": {"annual": {"2022-05-29": {"changeToLiabilities": 67000000, "totalCashflowsFromInvestingActivities": -389000000, "netBorrowings": -12900000, "totalCashFromFinancingActivities": -1609700000, "changeToOperatingActivities": -145900000, "issuanceOfStock": 40200000, "netIncome": 952800000, "changeInCash": -742600000, "repurchaseOfStock": -1071300000, "totalCashFromOperatingActivities": 1256100000, "depreciation": 348700000, "otherCashflowsFromInvestingActivities": 3400000, "dividendsPaid": -563000000, "changeToInventory": -79800000, "changeToAccountReceivables": -3900000, "otherCashflowsFromFinancingActivities": -2700000, "changeToNetincome": 39000000, "capitalExpenditures": -376900000}, "2021-05-30": {"changeToLiabilities": 55100000, "totalCashflowsFromInvestingActivities": -263700000, "netBorrowings": -277100000, "totalCashFromFinancingActivities": -478900000, "changeToOperatingActivities": 233400000, "issuanceOfStock": 46200000, "netIncome": 629300000, "changeInCash": 451400000, "repurchaseOfStock": -45400000, "totalCashFromOperatingActivities": 1194000000, "depreciation": 325500000, "otherCashflowsFromInvestingActivities": 1200000, "dividendsPaid": -202600000, "changeToInventory": 16100000, "changeToAccountReceivables": -18400000, "otherCashflowsFromFinancingActivities": -2700000, "changeToNetincome": 216700000, "capitalExpenditures": -254900000}, "2020-05-31": {"changeToLiabilities": -29100000, "totalCashflowsFromInvestingActivities": -544000000, "netBorrowings": 264800000, "totalCashFromFinancingActivities": 138700000, "changeToOperatingActivities": -23500000, "issuanceOfStock": 525900000, "netIncome": -52400000, "changeInCash": 306000000, "repurchaseOfStock": -330300000, "totalCashFromOperatingActivities": 711300000, "depreciation": 330200000, "otherCashflowsFromInvestingActivities": -9500000, "dividendsPaid": -322300000, "changeToInventory": -13900000, "changeToAccountReceivables": 13700000, "otherCashflowsFromFinancingActivities": 600000, "changeToNetincome": 442800000, "capitalExpenditures": -459900000}, "2019-05-26": {"changeToLiabilities": 66300000, "totalCashflowsFromInvestingActivities": -462600000, "netBorrowings": 34700000, "totalCashFromFinancingActivities": -484200000, "changeToOperatingActivities": 28100000, "issuanceOfStock": 59300000, "netIncome": 713400000, "changeInCash": 310400000, "repurchaseOfStock": -207500000, "totalCashFromOperatingActivities": 1257200000, "depreciation": 310000000, "otherCashflowsFromInvestingActivities": 2100000, "dividendsPaid": -370800000, "changeToInventory": -2100000, "changeToAccountReceivables": 2100000, "otherCashflowsFromFinancingActivities": 100000, "changeToNetincome": 126900000, "capitalExpenditures": -452000000}}, "quarterly": {"2022-05-29": {"changeToLiabilities": -27800000, "totalCashflowsFromInvestingActivities": -108100000, "netBorrowings": -3900000, "totalCashFromFinancingActivities": -374300000, "changeToOperatingActivities": 8700000, "issuanceOfStock": 3800000, "netIncome": 281700000, "changeInCash": -134700000, "repurchaseOfStock": -237200000, "totalCashFromOperatingActivities": 347700000, "depreciation": 73300000, "otherCashflowsFromInvestingActivities": 500000, "dividendsPaid": -136800000, "changeToInventory": -26900000, "changeToAccountReceivables": -19500000, "otherCashflowsFromFinancingActivities": -200000, "changeToNetincome": -11900000, "capitalExpenditures": -101300000}, "2022-02-27": {"changeToLiabilities": 74700000, "totalCashflowsFromInvestingActivities": -103100000, "netBorrowings": -3400000, "totalCashFromFinancingActivities": -514400000, "changeToOperatingActivities": -11500000, "issuanceOfStock": 10700000, "netIncome": 247000000, "changeInCash": -191000000, "repurchaseOfStock": -381800000, "totalCashFromOperatingActivities": 426500000, "depreciation": 94300000, "otherCashflowsFromInvestingActivities": 1600000, "dividendsPaid": -140100000, "changeToInventory": -13500000, "changeToAccountReceivables": 16500000, "otherCashflowsFromFinancingActivities": 200000, "changeToNetincome": 8600000, "capitalExpenditures": -102300000}, "2021-11-28": {"changeToLiabilities": 32500000, "totalCashflowsFromInvestingActivities": -94100000, "netBorrowings": -3000000, "totalCashFromFinancingActivities": -408200000, "changeToOperatingActivities": 15500000, "issuanceOfStock": 6100000, "netIncome": 193200000, "changeInCash": -201500000, "repurchaseOfStock": -266000000, "totalCashFromOperatingActivities": 300800000, "depreciation": 92100000, "otherCashflowsFromInvestingActivities": 200000, "dividendsPaid": -142600000, "changeToInventory": -19400000, "changeToAccountReceivables": -1700000, "otherCashflowsFromFinancingActivities": -2700000, "changeToNetincome": 23900000, "capitalExpenditures": -90600000}, "2021-08-29": {"changeToLiabilities": -12400000, "totalCashflowsFromInvestingActivities": -83700000, "netBorrowings": -2600000, "totalCashFromFinancingActivities": -312800000, "changeToOperatingActivities": -158600000, "issuanceOfStock": 19600000, "netIncome": 230900000, "changeInCash": -215400000, "repurchaseOfStock": -186300000, "totalCashFromOperatingActivities": 181100000, "depreciation": 89000000, "otherCashflowsFromInvestingActivities": 1100000, "dividendsPaid": -143500000, "changeToInventory": -20000000, "changeToAccountReceivables": 800000, "otherCashflowsFromFinancingActivities": -2700000, "changeToNetincome": 18400000, "capitalExpenditures": -82700000}}}}}