{"CVS": {"balance": {"annual": {"2021-12-31": {"intangibleAssets": 29026000000, "capitalSurplus": 47360000000, "totalLiab": 157618000000, "totalStockholderEquity": 75075000000, "minorityInterest": 306000000, "otherCurrentLiab": 24121000000, "totalAssets": 232999000000, "commonStock": 17000000, "otherCurrentAssets": 5292000000, "retainedEarnings": 54906000000, "otherLiab": 19663000000, "goodWill": 79121000000, "treasuryStock": -27208000000, "otherAssets": 9801000000, "cash": 9408000000, "totalCurrentLiabilities": 67807000000, "shortLongTermDebt": 4155000000, "otherStockholderEquity": 936000000, "propertyPlantEquipment": 32018000000, "totalCurrentAssets": 60008000000, "longTermInvestments": 23025000000, "netTangibleAssets": -33072000000, "shortTermInvestments": 3117000000, "netReceivables": 24431000000, "longTermDebt": 50721000000, "inventory": 17760000000, "accountsPayable": 12544000000}, "2020-12-31": {"intangibleAssets": 31142000000, "capitalSurplus": 46496000000, "totalLiab": 161014000000, "totalStockholderEquity": 69389000000, "minorityInterest": 312000000, "otherCurrentLiab": 22620000000, "totalAssets": 230715000000, "commonStock": 17000000, "otherCurrentAssets": 5277000000, "retainedEarnings": 49640000000, "otherLiab": 21033000000, "goodWill": 79552000000, "treasuryStock": -26764000000, "otherAssets": 9505000000, "cash": 7854000000, "totalCurrentLiabilities": 62017000000, "shortLongTermDebt": 5407000000, "otherStockholderEquity": 1385000000, "propertyPlantEquipment": 33335000000, "totalCurrentAssets": 56369000000, "longTermInvestments": 20812000000, "netTangibleAssets": -41305000000, "shortTermInvestments": 3000000000, "netReceivables": 21742000000, "longTermDebt": 58157000000, "inventory": 18496000000, "accountsPayable": 11138000000}, "2019-12-31": {"intangibleAssets": 33121000000, "capitalSurplus": 45955000000, "totalLiab": 158279000000, "totalStockholderEquity": 63864000000, "minorityInterest": 306000000, "otherCurrentLiab": 18579000000, "totalAssets": 222449000000, "commonStock": 17000000, "otherCurrentAssets": 5113000000, "retainedEarnings": 45108000000, "otherLiab": 21351000000, "goodWill": 79749000000, "treasuryStock": -27216000000, "otherAssets": 9059000000, "cash": 5683000000, "totalCurrentLiabilities": 53303000000, "shortLongTermDebt": 3754000000, "otherStockholderEquity": 990000000, "propertyPlantEquipment": 32904000000, "totalCurrentAssets": 50302000000, "longTermInvestments": 17314000000, "netTangibleAssets": -49006000000, "shortTermInvestments": 2373000000, "netReceivables": 19617000000, "longTermDebt": 63918000000, "inventory": 17516000000, "accountsPayable": 10492000000}, "2018-12-31": {"intangibleAssets": 36524000000, "capitalSurplus": 45423000000, "totalLiab": 137913000000, "totalStockholderEquity": 58225000000, "minorityInterest": 318000000, "otherCurrentLiab": 16398000000, "totalAssets": 196456000000, "commonStock": 17000000, "otherCurrentAssets": 4581000000, "retainedEarnings": 40911000000, "otherLiab": 22460000000, "goodWill": 78678000000, "treasuryStock": -28126000000, "otherAssets": 8930000000, "cash": 4059000000, "totalCurrentLiabilities": 44009000000, "shortLongTermDebt": 1265000000, "otherStockholderEquity": 73000000, "propertyPlantEquipment": 11349000000, "totalCurrentAssets": 45243000000, "longTermInvestments": 15732000000, "netTangibleAssets": -56977000000, "shortTermInvestments": 2522000000, "netReceivables": 17631000000, "longTermDebt": 70802000000, "inventory": 16450000000, "accountsPayable": 8925000000}}, "quarterly": {"2022-06-30": {"intangibleAssets": 28135000000, "capitalSurplus": 47856000000, "totalLiab": 154773000000, "totalStockholderEquity": 75184000000, "minorityInterest": 322000000, "otherCurrentLiab": 21298000000, "totalAssets": 230279000000, "commonStock": 18000000, "otherCurrentAssets": 2541000000, "retainedEarnings": 58710000000, "otherLiab": 18017000000, "goodWill": 78560000000, "treasuryStock": -31400000000, "otherAssets": 8992000000, "cash": 12116000000, "totalCurrentLiabilities": 68457000000, "shortLongTermDebt": 4019000000, "otherStockholderEquity": -1017000000, "propertyPlantEquipment": 31326000000, "totalCurrentAssets": 62142000000, "longTermInvestments": 21124000000, "netTangibleAssets": -31511000000, "shortTermInvestments": 2877000000, "netReceivables": 27233000000, "longTermDebt": 49390000000, "inventory": 17375000000, "accountsPayable": 13238000000}, "2022-03-31": {"intangibleAssets": 28543000000, "capitalSurplus": 47660000000, "totalLiab": 158733000000, "totalStockholderEquity": 73830000000, "minorityInterest": 310000000, "otherCurrentLiab": 24177000000, "totalAssets": 232873000000, "commonStock": 17000000, "otherCurrentAssets": 5530000000, "retainedEarnings": 56488000000, "otherLiab": 19104000000, "goodWill": 79060000000, "treasuryStock": -30335000000, "otherAssets": 9547000000, "cash": 8442000000, "totalCurrentLiabilities": 69780000000, "shortLongTermDebt": 4217000000, "otherStockholderEquity": -219000000, "propertyPlantEquipment": 31645000000, "totalCurrentAssets": 61483000000, "longTermInvestments": 22595000000, "netTangibleAssets": -33773000000, "shortTermInvestments": 2900000000, "netReceivables": 26451000000, "longTermDebt": 52063000000, "inventory": 18160000000, "accountsPayable": 12738000000}, "2021-12-31": {"intangibleAssets": 29026000000, "capitalSurplus": 47360000000, "totalLiab": 157618000000, "totalStockholderEquity": 75075000000, "minorityInterest": 306000000, "otherCurrentLiab": 24121000000, "totalAssets": 232999000000, "commonStock": 17000000, "otherCurrentAssets": 5292000000, "retainedEarnings": 54906000000, "otherLiab": 19663000000, "goodWill": 79121000000, "treasuryStock": -27208000000, "otherAssets": 9801000000, "cash": 9408000000, "totalCurrentLiabilities": 67807000000, "shortLongTermDebt": 4155000000, "otherStockholderEquity": 936000000, "propertyPlantEquipment": 32018000000, "totalCurrentAssets": 60008000000, "longTermInvestments": 23025000000, "netTangibleAssets": -33072000000, "shortTermInvestments": 3117000000, "netReceivables": 24431000000, "longTermDebt": 50721000000, "inventory": 17760000000, "accountsPayable": 12544000000}, "2021-09-30": {"intangibleAssets": 29545000000, "capitalSurplus": 47116000000, "totalLiab": 160273000000, "totalStockholderEquity": 74308000000, "minorityInterest": 310000000, "otherCurrentLiab": 23704000000, "totalAssets": 234891000000, "commonStock": 17000000, "otherCurrentAssets": 5319000000, "retainedEarnings": 54264000000, "otherLiab": 20276000000, "goodWill": 79121000000, "treasuryStock": -27089000000, "otherAssets": 9780000000, "cash": 9826000000, "totalCurrentLiabilities": 64709000000, "shortLongTermDebt": 1561000000, "otherStockholderEquity": 1048000000, "propertyPlantEquipment": 33233000000, "totalCurrentAssets": 60842000000, "longTermInvestments": 22370000000, "netTangibleAssets": -34358000000, "shortTermInvestments": 3015000000, "netReceivables": 25283000000, "longTermDebt": 55625000000, "inventory": 17399000000, "accountsPayable": 12696000000}}}, "income": {"annual": {"2021-12-31": {"researchDevelopment": null, "effectOfAccountingCharges": null, "incomeBeforeTax": 10420000000, "minorityInterest": 306000000, "netIncome": 7910000000, "sellingGeneralAdministrative": 37072000000, "grossProfit": 50849000000, "ebit": 13777000000, "operatingIncome": 13777000000, "otherOperatingExpenses": null, "interestExpense": -2503000000, "extraordinaryItems": null, "nonRecurring": null, "otherItems": null, "incomeTaxExpense": 2522000000, "totalRevenue": 290912000000, "totalOperatingExpenses": 277135000000, "costOfRevenue": 240063000000, "totalOtherIncomeExpenseNet": -3357000000, "discontinuedOperations": null, "netIncomeFromContinuingOps": 7898000000, "netIncomeApplicableToCommonShares": 7910000000}, "2020-12-31": {"researchDevelopment": null, "effectOfAccountingCharges": null, "incomeBeforeTax": 9770000000, "minorityInterest": 312000000, "netIncome": 7179000000, "sellingGeneralAdministrative": 34585000000, "grossProfit": 48248000000, "ebit": 13663000000, "operatingIncome": 13663000000, "otherOperatingExpenses": null, "interestExpense": -2907000000, "extraordinaryItems": null, "nonRecurring": null, "otherItems": null, "incomeTaxExpense": 2569000000, "totalRevenue": 267908000000, "totalOperatingExpenses": 254245000000, "costOfRevenue": 219660000000, "totalOtherIncomeExpenseNet": -3893000000, "discontinuedOperations": -9000000, "netIncomeFromContinuingOps": 7201000000, "netIncomeApplicableToCommonShares": 7179000000}, "2019-12-31": {"researchDevelopment": null, "effectOfAccountingCharges": null, "incomeBeforeTax": 8997000000, "minorityInterest": 306000000, "netIncome": 6634000000, "sellingGeneralAdministrative": 32699000000, "grossProfit": 44517000000, "ebit": 11818000000, "operatingIncome": 11818000000, "otherOperatingExpenses": null, "interestExpense": -3035000000, "extraordinaryItems": null, "nonRecurring": null, "otherItems": null, "incomeTaxExpense": 2366000000, "totalRevenue": 255765000000, "totalOperatingExpenses": 243947000000, "costOfRevenue": 211248000000, "totalOtherIncomeExpenseNet": -2821000000, "discontinuedOperations": -9000000, "netIncomeFromContinuingOps": 6631000000, "netIncomeApplicableToCommonShares": 6629000000}, "2018-12-31": {"researchDevelopment": null, "effectOfAccountingCharges": null, "incomeBeforeTax": 1406000000, "minorityInterest": 318000000, "netIncome": -594000000, "sellingGeneralAdministrative": 20827000000, "grossProfit": 30878000000, "ebit": 10051000000, "operatingIncome": 10051000000, "otherOperatingExpenses": null, "interestExpense": -2619000000, "extraordinaryItems": null, "nonRecurring": null, "otherItems": null, "incomeTaxExpense": 2002000000, "totalRevenue": 193919000000, "totalOperatingExpenses": 183868000000, "costOfRevenue": 163041000000, "totalOtherIncomeExpenseNet": -8645000000, "discontinuedOperations": -9000000, "netIncomeFromContinuingOps": -596000000, "netIncomeApplicableToCommonShares": -597000000}}, "quarterly": {"2022-06-30": {"researchDevelopment": null, "effectOfAccountingCharges": null, "incomeBeforeTax": 4029000000, "minorityInterest": 322000000, "netIncome": 2951000000, "sellingGeneralAdministrative": 9395000000, "grossProfit": 13594000000, "ebit": 4199000000, "operatingIncome": 4199000000, "otherOperatingExpenses": null, "interestExpense": -583000000, "extraordinaryItems": null, "nonRecurring": null, "otherItems": null, "incomeTaxExpense": 1068000000, "totalRevenue": 80490000000, "totalOperatingExpenses": 76291000000, "costOfRevenue": 66896000000, "totalOtherIncomeExpenseNet": -170000000, "discontinuedOperations": null, "netIncomeFromContinuingOps": 2961000000, "netIncomeApplicableToCommonShares": 2951000000}, "2022-03-31": {"researchDevelopment": null, "effectOfAccountingCharges": null, "incomeBeforeTax": 2946000000, "minorityInterest": 310000000, "netIncome": 2312000000, "sellingGeneralAdministrative": 9392000000, "grossProfit": 13198000000, "ebit": 3806000000, "operatingIncome": 3806000000, "otherOperatingExpenses": null, "interestExpense": -586000000, "extraordinaryItems": null, "nonRecurring": null, "otherItems": null, "incomeTaxExpense": 633000000, "totalRevenue": 76658000000, "totalOperatingExpenses": 72852000000, "costOfRevenue": 63460000000, "totalOtherIncomeExpenseNet": -860000000, "discontinuedOperations": null, "netIncomeFromContinuingOps": 2313000000, "netIncomeApplicableToCommonShares": 2312000000}, "2021-12-31": {"researchDevelopment": null, "effectOfAccountingCharges": null, "incomeBeforeTax": 1570000000, "minorityInterest": 306000000, "netIncome": 1306000000, "sellingGeneralAdministrative": 10173000000, "grossProfit": 13285000000, "ebit": 3112000000, "operatingIncome": 3112000000, "otherOperatingExpenses": null, "interestExpense": -608000000, "extraordinaryItems": null, "nonRecurring": null, "otherItems": null, "incomeTaxExpense": 274000000, "totalRevenue": 76237000000, "totalOperatingExpenses": 73125000000, "costOfRevenue": 62952000000, "totalOtherIncomeExpenseNet": -1542000000, "discontinuedOperations": null, "netIncomeFromContinuingOps": 1296000000, "netIncomeApplicableToCommonShares": 1306000000}, "2021-09-30": {"researchDevelopment": null, "effectOfAccountingCharges": null, "incomeBeforeTax": 2145000000, "minorityInterest": 310000000, "netIncome": 1598000000, "sellingGeneralAdministrative": 9190000000, "grossProfit": 12456000000, "ebit": 3266000000, "operatingIncome": 3266000000, "otherOperatingExpenses": null, "interestExpense": -602000000, "extraordinaryItems": null, "nonRecurring": null, "otherItems": null, "incomeTaxExpense": 558000000, "totalRevenue": 73548000000, "totalOperatingExpenses": 70282000000, "costOfRevenue": 61092000000, "totalOtherIncomeExpenseNet": -1121000000, "discontinuedOperations": null, "netIncomeFromContinuingOps": 1587000000, "netIncomeApplicableToCommonShares": 1598000000}}}, "cash": {"annual": {"2021-12-31": {"investments": -2717000000, "changeToLiabilities": 2898000000, "totalCashflowsFromInvestingActivities": -5261000000, "netBorrowings": -9267000000, "totalCashFromFinancingActivities": -11356000000, "changeToOperatingActivities": 3018000000, "issuanceOfStock": 549000000, "netIncome": 7910000000, "changeInCash": 1648000000, "repurchaseOfStock": -168000000, "totalCashFromOperatingActivities": 18265000000, "depreciation": 4512000000, "otherCashflowsFromInvestingActivities": 122000000, "dividendsPaid": -2625000000, "changeToInventory": 735000000, "changeToAccountReceivables": -2703000000, "otherCashflowsFromFinancingActivities": 155000000, "changeToNetincome": 1895000000, "capitalExpenditures": -2520000000}, "2020-12-31": {"investments": -3172000000, "changeToLiabilities": 2769000000, "totalCashflowsFromInvestingActivities": -5534000000, "netBorrowings": -5673000000, "totalCashFromFinancingActivities": -7696000000, "changeToOperatingActivities": 2873000000, "issuanceOfStock": 264000000, "netIncome": 7179000000, "changeInCash": 2635000000, "repurchaseOfStock": -88000000, "totalCashFromOperatingActivities": 15865000000, "depreciation": 4441000000, "otherCashflowsFromInvestingActivities": 101000000, "dividendsPaid": -2624000000, "changeToInventory": -973000000, "changeToAccountReceivables": -1510000000, "otherCashflowsFromFinancingActivities": 425000000, "changeToNetincome": 1086000000, "capitalExpenditures": -2437000000}, "2019-12-31": {"investments": -485000000, "changeToLiabilities": 3550000000, "totalCashflowsFromInvestingActivities": -3339000000, "netBorrowings": -5320000000, "totalCashFromFinancingActivities": -7654000000, "changeToOperatingActivities": 1182000000, "issuanceOfStock": 210000000, "netIncome": 6634000000, "changeInCash": 1855000000, "repurchaseOfStock": -112000000, "totalCashFromOperatingActivities": 12848000000, "depreciation": 4371000000, "otherCashflowsFromInvestingActivities": 47000000, "dividendsPaid": -2603000000, "changeToInventory": -1075000000, "changeToAccountReceivables": -2158000000, "otherCashflowsFromFinancingActivities": 171000000, "changeToNetincome": 344000000, "capitalExpenditures": -2457000000}, "2018-12-31": {"investments": 125000000, "changeToLiabilities": 2329000000, "totalCashflowsFromInvestingActivities": -43285000000, "netBorrowings": 38265000000, "totalCashFromFinancingActivities": 36819000000, "changeToOperatingActivities": -149000000, "issuanceOfStock": 242000000, "netIncome": -594000000, "changeInCash": 2395000000, "repurchaseOfStock": -97000000, "effectOfExchangeRate": -4000000, "totalCashFromOperatingActivities": 8865000000, "depreciation": 2718000000, "otherCashflowsFromInvestingActivities": 21000000, "dividendsPaid": -2038000000, "changeToInventory": -1153000000, "changeToAccountReceivables": -1139000000, "otherCashflowsFromFinancingActivities": 447000000, "changeToNetincome": 6853000000, "capitalExpenditures": -2037000000}}, "quarterly": {"2022-06-30": {"investments": 254000000, "changeToLiabilities": 59000000, "totalCashflowsFromInvestingActivities": -2130000000, "netBorrowings": -1515000000, "totalCashFromFinancingActivities": -2461000000, "changeToOperatingActivities": 1359000000, "issuanceOfStock": 51000000, "netIncome": 2951000000, "changeInCash": 852000000, "repurchaseOfStock": -267000000, "totalCashFromOperatingActivities": 5443000000, "depreciation": 1087000000, "otherCashflowsFromInvestingActivities": 85000000, "dividendsPaid": -740000000, "changeToInventory": 869000000, "changeToAccountReceivables": -720000000, "otherCashflowsFromFinancingActivities": 10000000, "changeToNetincome": -162000000, "capitalExpenditures": -408000000}, "2022-03-31": {"investments": -904000000, "changeToLiabilities": 1974000000, "totalCashflowsFromInvestingActivities": -1993000000, "netBorrowings": -14000000, "totalCashFromFinancingActivities": -2650000000, "changeToOperatingActivities": 686000000, "issuanceOfStock": 297000000, "netIncome": 2312000000, "changeInCash": -1080000000, "repurchaseOfStock": -2062000000, "totalCashFromOperatingActivities": 3563000000, "depreciation": 1055000000, "otherCashflowsFromInvestingActivities": -31000000, "dividendsPaid": -722000000, "changeToInventory": -400000000, "changeToAccountReceivables": -1967000000, "otherCashflowsFromFinancingActivities": -149000000, "changeToNetincome": -97000000, "capitalExpenditures": -1051000000}, "2021-12-31": {"investments": -859000000, "changeToLiabilities": -1075000000, "totalCashflowsFromInvestingActivities": -1440000000, "netBorrowings": -2431000000, "totalCashFromFinancingActivities": -2831000000, "changeToOperatingActivities": 818000000, "issuanceOfStock": 109000000, "netIncome": 1306000000, "changeInCash": -266000000, "repurchaseOfStock": -7000000, "totalCashFromOperatingActivities": 4005000000, "depreciation": 1115000000, "otherCashflowsFromInvestingActivities": 27000000, "dividendsPaid": -660000000, "changeToInventory": -362000000, "changeToAccountReceivables": 801000000, "otherCashflowsFromFinancingActivities": 158000000, "changeToNetincome": 1402000000, "capitalExpenditures": -597000000}, "2021-09-30": {"investments": -235000000, "changeToLiabilities": 2271000000, "totalCashflowsFromInvestingActivities": -847000000, "netBorrowings": -1413000000, "totalCashFromFinancingActivities": -1967000000, "changeToOperatingActivities": 1436000000, "issuanceOfStock": 110000000, "netIncome": 1598000000, "changeInCash": 2707000000, "repurchaseOfStock": -2000000, "totalCashFromOperatingActivities": 5521000000, "depreciation": 1134000000, "otherCashflowsFromInvestingActivities": 23000000, "dividendsPaid": -659000000, "changeToInventory": -420000000, "changeToAccountReceivables": -1120000000, "otherCashflowsFromFinancingActivities": -3000000, "changeToNetincome": 622000000, "capitalExpenditures": -608000000}}}}, "AMZN": {"balance": {"annual": {"2021-12-31": {"intangibleAssets": 5107000000, "capitalSurplus": 55538000000, "totalLiab": 282304000000, "totalStockholderEquity": 138245000000, "otherCurrentLiab": 18027000000, "totalAssets": 420549000000, "commonStock": 5000000, "otherCurrentAssets": 242000000, "retainedEarnings": 85915000000, "otherLiab": 17443000000, "goodWill": 15371000000, "treasuryStock": -3213000000, "otherAssets": 18125000000, "cash": 36220000000, "totalCurrentLiabilities": 142266000000, "shortLongTermDebt": 1687000000, "otherStockholderEquity": -1376000000, "propertyPlantEquipment": 216363000000, "totalCurrentAssets": 161580000000, "longTermInvestments": 4003000000, "netTangibleAssets": 117767000000, "shortTermInvestments": 59829000000, "netReceivables": 32649000000, "longTermDebt": 54944000000, "inventory": 32640000000, "accountsPayable": 78664000000}, "2020-12-31": {"intangibleAssets": 4981000000, "capitalSurplus": 42865000000, "totalLiab": 227791000000, "totalStockholderEquity": 93404000000, "otherCurrentLiab": 15267000000, "totalAssets": 321195000000, "commonStock": 5000000, "otherCurrentAssets": 233000000, "retainedEarnings": 52551000000, "otherLiab": 13617000000, "goodWill": 15017000000, "treasuryStock": -2017000000, "otherAssets": 12097000000, "cash": 42122000000, "totalCurrentLiabilities": 126385000000, "shortLongTermDebt": 1266000000, "otherStockholderEquity": -180000000, "propertyPlantEquipment": 150667000000, "totalCurrentAssets": 132733000000, "longTermInvestments": 5700000000, "netTangibleAssets": 73406000000, "shortTermInvestments": 42274000000, "netReceivables": 24309000000, "longTermDebt": 35216000000, "inventory": 23795000000, "accountsPayable": 72539000000}, "2019-12-31": {"intangibleAssets": 4049000000, "capitalSurplus": 33658000000, "totalLiab": 163188000000, "totalStockholderEquity": 62060000000, "otherCurrentLiab": 12202000000, "totalAssets": 225248000000, "commonStock": 5000000, "otherCurrentAssets": 276000000, "retainedEarnings": 31220000000, "otherLiab": 12171000000, "goodWill": 14754000000, "treasuryStock": -2823000000, "otherAssets": 10096000000, "cash": 36092000000, "totalCurrentLiabilities": 87812000000, "shortLongTermDebt": 1305000000, "otherStockholderEquity": -986000000, "propertyPlantEquipment": 97846000000, "totalCurrentAssets": 96334000000, "longTermInvestments": 2169000000, "netTangibleAssets": 43257000000, "shortTermInvestments": 18929000000, "netReceivables": 20540000000, "longTermDebt": 23414000000, "inventory": 20497000000, "accountsPayable": 47183000000}, "2018-12-31": {"intangibleAssets": 4110000000, "capitalSurplus": 26791000000, "totalLiab": 119099000000, "totalStockholderEquity": 43549000000, "otherCurrentLiab": 9959000000, "totalAssets": 162648000000, "commonStock": 5000000, "otherCurrentAssets": 418000000, "retainedEarnings": 19625000000, "otherLiab": 17563000000, "goodWill": 14548000000, "treasuryStock": -2872000000, "otherAssets": 6370000000, "cash": 31750000000, "totalCurrentLiabilities": 68391000000, "shortLongTermDebt": 1371000000, "otherStockholderEquity": -1035000000, "propertyPlantEquipment": 61797000000, "totalCurrentAssets": 75101000000, "longTermInvestments": 722000000, "netTangibleAssets": 24891000000, "shortTermInvestments": 9500000000, "netReceivables": 16259000000, "longTermDebt": 23495000000, "inventory": 17174000000, "accountsPayable": 38192000000}}, "quarterly": {"2022-06-30": {"capitalSurplus": 63871000000, "totalLiab": 288326000000, "totalStockholderEquity": 131402000000, "otherCurrentLiab": 12818000000, "totalAssets": 419728000000, "commonStock": 107000000, "otherCurrentAssets": 207000000, "retainedEarnings": 80043000000, "otherLiab": 16658000000, "goodWill": 20195000000, "treasuryStock": -12619000000, "otherAssets": 30562000000, "cash": 37478000000, "totalCurrentLiabilities": 140291000000, "shortLongTermDebt": 5249000000, "otherStockholderEquity": -4782000000, "propertyPlantEquipment": 232136000000, "totalCurrentAssets": 133667000000, "longTermInvestments": 3168000000, "netTangibleAssets": 111207000000, "shortTermInvestments": 23232000000, "netReceivables": 34597000000, "longTermDebt": 64853000000, "inventory": 38153000000, "accountsPayable": 71219000000}, "2022-03-31": {"capitalSurplus": 58793000000, "totalLiab": 276766000000, "totalStockholderEquity": 134001000000, "otherCurrentLiab": 12820000000, "totalAssets": 410767000000, "commonStock": 5000000, "otherCurrentAssets": 191000000, "retainedEarnings": 82071000000, "otherLiab": 17171000000, "goodWill": 20229000000, "treasuryStock": -6868000000, "otherAssets": 28076000000, "cash": 36393000000, "totalCurrentLiabilities": 139508000000, "shortLongTermDebt": 2898000000, "otherStockholderEquity": -2365000000, "propertyPlantEquipment": 224629000000, "totalCurrentAssets": 133876000000, "longTermInvestments": 3957000000, "netTangibleAssets": 113772000000, "shortTermInvestments": 29992000000, "netReceivables": 32313000000, "longTermDebt": 54356000000, "inventory": 34987000000, "accountsPayable": 68547000000}, "2021-12-31": {"intangibleAssets": 5107000000, "capitalSurplus": 55538000000, "totalLiab": 282304000000, "totalStockholderEquity": 138245000000, "otherCurrentLiab": 18027000000, "totalAssets": 420549000000, "commonStock": 5000000, "otherCurrentAssets": 242000000, "retainedEarnings": 85915000000, "otherLiab": 17443000000, "goodWill": 15371000000, "treasuryStock": -3213000000, "otherAssets": 18125000000, "cash": 36220000000, "totalCurrentLiabilities": 142266000000, "shortLongTermDebt": 1687000000, "otherStockholderEquity": -1376000000, "propertyPlantEquipment": 216363000000, "totalCurrentAssets": 161580000000, "longTermInvestments": 4003000000, "netTangibleAssets": 117767000000, "shortTermInvestments": 59829000000, "netReceivables": 32649000000, "longTermDebt": 54944000000, "inventory": 32640000000, "accountsPayable": 78664000000}, "2021-09-30": {"capitalSurplus": 51879000000, "totalLiab": 261842000000, "totalStockholderEquity": 120564000000, "otherCurrentLiab": 10974000000, "totalAssets": 382406000000, "commonStock": 5000000, "otherCurrentAssets": 218000000, "retainedEarnings": 71592000000, "otherLiab": 18145000000, "goodWill": 15345000000, "treasuryStock": -2912000000, "otherAssets": 22027000000, "cash": 29944000000, "totalCurrentLiabilities": 123994000000, "shortLongTermDebt": 1185000000, "otherStockholderEquity": -1075000000, "propertyPlantEquipment": 199303000000, "totalCurrentAssets": 138531000000, "longTermInvestments": 7200000000, "netTangibleAssets": 105219000000, "shortTermInvestments": 49044000000, "netReceivables": 28392000000, "longTermDebt": 55855000000, "inventory": 30933000000, "accountsPayable": 71474000000}}}, "income": {"annual": {"2021-12-31": {"researchDevelopment": 56052000000, "effectOfAccountingCharges": null, "incomeBeforeTax": 38155000000, "minorityInterest": null, "netIncome": 33364000000, "sellingGeneralAdministrative": 116485000000, "grossProfit": 197478000000, "ebit": 24879000000, "operatingIncome": 24879000000, "otherOperatingExpenses": 62000000, "interestExpense": -1809000000, "extraordinaryItems": null, "nonRecurring": null, "otherItems": null, "incomeTaxExpense": 4791000000, "totalRevenue": 469822000000, "totalOperatingExpenses": 444943000000, "costOfRevenue": 272344000000, "totalOtherIncomeExpenseNet": 13276000000, "discontinuedOperations": null, "netIncomeFromContinuingOps": 33364000000, "netIncomeApplicableToCommonShares": 33364000000}, "2020-12-31": {"researchDevelopment": 42740000000, "effectOfAccountingCharges": null, "incomeBeforeTax": 24194000000, "minorityInterest": null, "netIncome": 21331000000, "sellingGeneralAdministrative": 87193000000, "grossProfit": 152757000000, "ebit": 22899000000, "operatingIncome": 22899000000, "otherOperatingExpenses": -75000000, "interestExpense": -1647000000, "extraordinaryItems": null, "nonRecurring": null, "otherItems": null, "incomeTaxExpense": 2863000000, "totalRevenue": 386064000000, "totalOperatingExpenses": 363165000000, "costOfRevenue": 233307000000, "totalOtherIncomeExpenseNet": 1295000000, "discontinuedOperations": null, "netIncomeFromContinuingOps": 21331000000, "netIncomeApplicableToCommonShares": 21331000000}, "2019-12-31": {"researchDevelopment": 35931000000, "effectOfAccountingCharges": null, "incomeBeforeTax": 13962000000, "minorityInterest": null, "netIncome": 11588000000, "sellingGeneralAdministrative": 64313000000, "grossProfit": 114986000000, "ebit": 14541000000, "operatingIncome": 14541000000, "otherOperatingExpenses": 201000000, "interestExpense": -1600000000, "extraordinaryItems": null, "nonRecurring": null, "otherItems": null, "incomeTaxExpense": 2374000000, "totalRevenue": 280522000000, "totalOperatingExpenses": 265981000000, "costOfRevenue": 165536000000, "totalOtherIncomeExpenseNet": -579000000, "discontinuedOperations": null, "netIncomeFromContinuingOps": 11588000000, "netIncomeApplicableToCommonShares": 11588000000}, "2018-12-31": {"researchDevelopment": 28837000000, "effectOfAccountingCharges": null, "incomeBeforeTax": 11270000000, "minorityInterest": null, "netIncome": 10073000000, "sellingGeneralAdministrative": 52177000000, "grossProfit": 93731000000, "ebit": 12421000000, "operatingIncome": 12421000000, "otherOperatingExpenses": 296000000, "interestExpense": -1417000000, "extraordinaryItems": null, "nonRecurring": null, "otherItems": null, "incomeTaxExpense": 1197000000, "totalRevenue": 232887000000, "totalOperatingExpenses": 220466000000, "costOfRevenue": 139156000000, "totalOtherIncomeExpenseNet": -1151000000, "discontinuedOperations": null, "netIncomeFromContinuingOps": 10073000000, "netIncomeApplicableToCommonShares": 10073000000}}, "quarterly": {"2022-06-30": {"researchDevelopment": 15468000000, "effectOfAccountingCharges": null, "incomeBeforeTax": -2665000000, "minorityInterest": null, "netIncome": -2028000000, "sellingGeneralAdministrative": 35935000000, "grossProfit": 54810000000, "ebit": 3317000000, "operatingIncome": 3317000000, "otherOperatingExpenses": 90000000, "interestExpense": -584000000, "extraordinaryItems": null, "nonRecurring": null, "otherItems": null, "incomeTaxExpense": -637000000, "totalRevenue": 121234000000, "totalOperatingExpenses": 117917000000, "costOfRevenue": 66424000000, "totalOtherIncomeExpenseNet": -5982000000, "discontinuedOperations": null, "netIncomeFromContinuingOps": -2028000000, "netIncomeApplicableToCommonShares": -2028000000}, "2022-03-31": {"researchDevelopment": 12270000000, "effectOfAccountingCharges": null, "incomeBeforeTax": -5266000000, "minorityInterest": null, "netIncome": -3844000000, "sellingGeneralAdministrative": 33757000000, "grossProfit": 49945000000, "ebit": 3669000000, "operatingIncome": 3669000000, "otherOperatingExpenses": 249000000, "interestExpense": -472000000, "extraordinaryItems": null, "nonRecurring": null, "otherItems": null, "incomeTaxExpense": -1422000000, "totalRevenue": 116444000000, "totalOperatingExpenses": 112775000000, "costOfRevenue": 66499000000, "totalOtherIncomeExpenseNet": -8935000000, "discontinuedOperations": null, "netIncomeFromContinuingOps": -3844000000, "netIncomeApplicableToCommonShares": -3844000000}, "2021-12-31": {"researchDevelopment": 21577000000, "effectOfAccountingCharges": null, "incomeBeforeTax": 14935000000, "minorityInterest": null, "netIncome": 14323000000, "sellingGeneralAdministrative": 29516000000, "grossProfit": 54577000000, "ebit": 3460000000, "operatingIncome": 3460000000, "otherOperatingExpenses": 24000000, "interestExpense": -482000000, "extraordinaryItems": null, "nonRecurring": null, "otherItems": null, "incomeTaxExpense": 612000000, "totalRevenue": 137412000000, "totalOperatingExpenses": 133952000000, "costOfRevenue": 82835000000, "totalOtherIncomeExpenseNet": 11475000000, "discontinuedOperations": null, "netIncomeFromContinuingOps": 14323000000, "netIncomeApplicableToCommonShares": 14323000000}, "2021-09-30": {"researchDevelopment": 12097000000, "effectOfAccountingCharges": null, "incomeBeforeTax": 4311000000, "minorityInterest": null, "netIncome": 3156000000, "sellingGeneralAdministrative": 30944000000, "grossProfit": 47882000000, "ebit": 4852000000, "operatingIncome": 4852000000, "otherOperatingExpenses": -11000000, "interestExpense": -493000000, "extraordinaryItems": null, "nonRecurring": null, "otherItems": null, "incomeTaxExpense": 1155000000, "totalRevenue": 110812000000, "totalOperatingExpenses": 105960000000, "costOfRevenue": 62930000000, "totalOtherIncomeExpenseNet": -541000000, "discontinuedOperations": null, "netIncomeFromContinuingOps": 3156000000, "netIncomeApplicableToCommonShares": 3156000000}}}, "cash": {"annual": {"2021-12-31": {"investments": -773000000, "changeToLiabilities": 5916000000, "totalCashflowsFromInvestingActivities": -58154000000, "netBorrowings": 6291000000, "totalCashFromFinancingActivities": 6291000000, "changeToOperatingActivities": 2123000000, "netIncome": 33364000000, "changeInCash": -5900000000, "effectOfExchangeRate": -364000000, "totalCashFromOperatingActivities": 46327000000, "depreciation": 34296000000, "changeToInventory": -9487000000, "changeToAccountReceivables": -18163000000, "changeToNetincome": -1722000000, "capitalExpenditures": -61053000000}, "2020-12-31": {"investments": -22242000000, "changeToLiabilities": 18745000000, "totalCashflowsFromInvestingActivities": -59611000000, "netBorrowings": -1104000000, "totalCashFromFinancingActivities": -1104000000, "changeToOperatingActivities": 5754000000, "netIncome": 21331000000, "changeInCash": 5967000000, "effectOfExchangeRate": 618000000, "totalCashFromOperatingActivities": 66064000000, "depreciation": 25251000000, "changeToInventory": -2849000000, "changeToAccountReceivables": -8169000000, "changeToNetincome": 6001000000, "capitalExpenditures": -40140000000}, "2019-12-31": {"investments": -9131000000, "changeToLiabilities": 9904000000, "totalCashflowsFromInvestingActivities": -24281000000, "netBorrowings": -10066000000, "totalCashFromFinancingActivities": -10066000000, "changeToOperatingActivities": -1383000000, "netIncome": 11588000000, "changeInCash": 4237000000, "effectOfExchangeRate": 70000000, "totalCashFromOperatingActivities": 38514000000, "depreciation": 21789000000, "changeToInventory": -3278000000, "changeToAccountReceivables": -7681000000, "changeToNetincome": 7575000000, "capitalExpenditures": -16861000000}, "2018-12-31": {"investments": 1140000000, "changeToLiabilities": 4414000000, "totalCashflowsFromInvestingActivities": -12369000000, "netBorrowings": -7686000000, "totalCashFromFinancingActivities": -7686000000, "changeToOperatingActivities": 472000000, "netIncome": 10073000000, "changeInCash": 10317000000, "effectOfExchangeRate": -351000000, "totalCashFromOperatingActivities": 30723000000, "depreciation": 15341000000, "otherCashflowsFromInvestingActivities": 2104000000, "changeToInventory": -1314000000, "changeToAccountReceivables": -4615000000, "changeToNetincome": 6352000000, "capitalExpenditures": -13427000000}}, "quarterly": {"2022-06-30": {"investments": 2279000000, "changeToLiabilities": 4020000000, "totalCashflowsFromInvestingActivities": -12078000000, "netBorrowings": 7960000000, "totalCashFromFinancingActivities": 4626000000, "changeToOperatingActivities": -1412000000, "netIncome": -2028000000, "changeInCash": 1101000000, "repurchaseOfStock": -3334000000, "effectOfExchangeRate": -412000000, "totalCashFromOperatingActivities": 8965000000, "depreciation": 9594000000, "changeToInventory": -3890000000, "changeToAccountReceivables": -6799000000, "changeToNetincome": 9480000000, "capitalExpenditures": -15724000000}, "2022-03-31": {"investments": 20989000000, "changeToLiabilities": -8044000000, "totalCashflowsFromInvestingActivities": 906000000, "netBorrowings": 4656000000, "totalCashFromFinancingActivities": 1990000000, "changeToOperatingActivities": -5903000000, "netIncome": -3844000000, "changeInCash": 122000000, "repurchaseOfStock": -2666000000, "effectOfExchangeRate": 16000000, "totalCashFromOperatingActivities": -2790000000, "depreciation": 8978000000, "changeToInventory": -2614000000, "changeToAccountReceivables": -1516000000, "changeToNetincome": 10153000000, "capitalExpenditures": -14951000000}, "2021-12-31": {"investments": 4271000000, "changeToLiabilities": 8909000000, "totalCashflowsFromInvestingActivities": -12580000000, "netBorrowings": -3100000000, "totalCashFromFinancingActivities": -3100000000, "changeToOperatingActivities": 9333000000, "netIncome": 14323000000, "changeInCash": 6300000000, "repurchaseOfStock": -2666000000, "effectOfExchangeRate": -106000000, "totalCashFromOperatingActivities": 22086000000, "depreciation": 9802000000, "changeToInventory": -1915000000, "changeToAccountReceivables": -6556000000, "changeToNetincome": -11810000000, "capitalExpenditures": -18935000000}, "2021-09-30": {"investments": 577000000, "changeToLiabilities": 4170000000, "totalCashflowsFromInvestingActivities": -14828000000, "netBorrowings": -2776000000, "totalCashFromFinancingActivities": -2776000000, "changeToOperatingActivities": -1465000000, "netIncome": 3156000000, "changeInCash": -10490000000, "repurchaseOfStock": -2666000000, "effectOfExchangeRate": -199000000, "totalCashFromOperatingActivities": 7313000000, "depreciation": 8948000000, "changeToInventory": -7059000000, "changeToAccountReceivables": -4890000000, "changeToNetincome": 4453000000, "capitalExpenditures": -15748000000}}}}, "WBA": {"balance": {"annual": {"2021-08-31": {"intangibleAssets": 12160000000, "capitalSurplus": 10988000000, "totalLiab": 57145000000, "totalStockholderEquity": 23419000000, "minorityInterest": 721000000, "otherCurrentLiab": 128000000, "totalAssets": 81285000000, "commonStock": 12000000, "otherCurrentAssets": 799000000, "retainedEarnings": 35121000000, "otherLiab": 4266000000, "goodWill": 12421000000, "treasuryStock": -22702000000, "otherAssets": 1986000000, "cash": 1193000000, "totalCurrentLiabilities": 22054000000, "shortLongTermDebt": 1259000000, "otherStockholderEquity": -2109000000, "propertyPlantEquipment": 31916000000, "totalCurrentAssets": 15814000000, "longTermInvestments": 6988000000, "netTangibleAssets": -1162000000, "netReceivables": 5663000000, "longTermDebt": 7698000000, "inventory": 8159000000, "accountsPayable": 11136000000}, "2020-08-31": {"intangibleAssets": 11733000000, "capitalSurplus": 10761000000, "totalLiab": 66039000000, "totalStockholderEquity": 20637000000, "minorityInterest": 498000000, "otherCurrentLiab": 5521000000, "totalAssets": 87174000000, "commonStock": 12000000, "otherCurrentAssets": 5577000000, "retainedEarnings": 34210000000, "otherLiab": 3965000000, "goodWill": 12013000000, "treasuryStock": -24346000000, "otherAssets": 5547000000, "cash": 469000000, "totalCurrentLiabilities": 27070000000, "shortLongTermDebt": 536000000, "otherStockholderEquity": -3771000000, "propertyPlantEquipment": 32588000000, "totalCurrentAssets": 18073000000, "longTermInvestments": 7220000000, "netTangibleAssets": -3109000000, "netReceivables": 4110000000, "longTermDebt": 12226000000, "inventory": 7917000000, "accountsPayable": 10145000000}, "2019-08-31": {"intangibleAssets": 12146000000, "capitalSurplus": 10639000000, "totalLiab": 43445000000, "totalStockholderEquity": 23512000000, "minorityInterest": 641000000, "otherCurrentLiab": 222000000, "totalAssets": 67598000000, "commonStock": 12000000, "otherCurrentAssets": 1118000000, "retainedEarnings": 35815000000, "otherLiab": 6578000000, "goodWill": 16560000000, "treasuryStock": -22954000000, "otherAssets": 1060000000, "cash": 1023000000, "totalCurrentLiabilities": 25769000000, "shortLongTermDebt": 1250000000, "otherStockholderEquity": -3897000000, "propertyPlantEquipment": 12208000000, "totalCurrentAssets": 18700000000, "longTermInvestments": 6924000000, "netTangibleAssets": -5194000000, "netReceivables": 7226000000, "longTermDebt": 11098000000, "inventory": 9333000000, "accountsPayable": 14341000000}, "2018-08-31": {"intangibleAssets": 13283000000, "capitalSurplus": 10493000000, "totalLiab": 41435000000, "totalStockholderEquity": 26007000000, "minorityInterest": 682000000, "otherCurrentLiab": 277000000, "totalAssets": 68124000000, "commonStock": 12000000, "otherCurrentAssets": 923000000, "retainedEarnings": 33551000000, "otherLiab": 7336000000, "goodWill": 16914000000, "treasuryStock": -18049000000, "otherAssets": 1060000000, "cash": 785000000, "totalCurrentLiabilities": 21667000000, "shortLongTermDebt": 249000000, "otherStockholderEquity": -3002000000, "propertyPlantEquipment": 12411000000, "totalCurrentAssets": 17846000000, "longTermInvestments": 6610000000, "netTangibleAssets": -4190000000, "netReceivables": 6573000000, "longTermDebt": 12432000000, "inventory": 9565000000, "accountsPayable": 13566000000}}, "quarterly": {"2022-05-31": {"intangibleAssets": 11583000000, "capitalSurplus": 11029000000, "totalLiab": 61602000000, "totalStockholderEquity": 26253000000, "minorityInterest": 4904000000, "otherCurrentLiab": 80000000, "totalAssets": 92759000000, "commonStock": 12000000, "otherCurrentAssets": 860000000, "retainedEarnings": 38632000000, "otherLiab": 4396000000, "goodWill": 21901000000, "treasuryStock": -23420000000, "otherAssets": 1429000000, "cash": 2285000000, "totalCurrentLiabilities": 24067000000, "shortLongTermDebt": 2729000000, "otherStockholderEquity": -2724000000, "propertyPlantEquipment": 33158000000, "totalCurrentAssets": 18872000000, "longTermInvestments": 5816000000, "netTangibleAssets": -7231000000, "shortTermInvestments": 2173000000, "netReceivables": 5034000000, "longTermDebt": 10670000000, "inventory": 8520000000, "accountsPayable": 11794000000}, "2022-02-28": {"intangibleAssets": 12352000000, "capitalSurplus": 10973000000, "totalLiab": 61004000000, "totalStockholderEquity": 26701000000, "minorityInterest": 4978000000, "otherCurrentLiab": 157000000, "totalAssets": 92683000000, "commonStock": 12000000, "otherCurrentAssets": 564000000, "retainedEarnings": 38757000000, "otherLiab": 4168000000, "goodWill": 21958000000, "treasuryStock": -23041000000, "otherAssets": 1364000000, "cash": 1887000000, "totalCurrentLiabilities": 22699000000, "shortLongTermDebt": 738000000, "otherStockholderEquity": -2329000000, "propertyPlantEquipment": 33937000000, "totalCurrentAssets": 16824000000, "longTermInvestments": 6248000000, "netTangibleAssets": -7609000000, "netReceivables": 5426000000, "longTermDebt": 11221000000, "inventory": 8947000000, "accountsPayable": 11178000000}, "2021-11-30": {"intangibleAssets": 12770000000, "capitalSurplus": 10966000000, "totalLiab": 63141000000, "totalStockholderEquity": 26263000000, "minorityInterest": 7103000000, "otherCurrentLiab": 123000000, "totalAssets": 96507000000, "commonStock": 12000000, "otherCurrentAssets": 646000000, "retainedEarnings": 38286000000, "otherLiab": 4421000000, "goodWill": 21520000000, "treasuryStock": -23001000000, "otherAssets": 1411000000, "cash": 4135000000, "totalCurrentLiabilities": 24447000000, "shortLongTermDebt": 1535000000, "otherStockholderEquity": -2301000000, "propertyPlantEquipment": 34121000000, "totalCurrentAssets": 20314000000, "longTermInvestments": 6371000000, "netTangibleAssets": -8027000000, "netReceivables": 6058000000, "longTermDebt": 11207000000, "inventory": 9475000000, "accountsPayable": 12452000000}, "2021-08-31": {"intangibleAssets": 12160000000, "capitalSurplus": 10988000000, "totalLiab": 57145000000, "totalStockholderEquity": 23419000000, "minorityInterest": 721000000, "otherCurrentLiab": 128000000, "totalAssets": 81285000000, "commonStock": 12000000, "otherCurrentAssets": 799000000, "retainedEarnings": 35121000000, "otherLiab": 4266000000, "goodWill": 12421000000, "treasuryStock": -22702000000, "otherAssets": 1986000000, "cash": 1193000000, "totalCurrentLiabilities": 22054000000, "shortLongTermDebt": 1259000000, "otherStockholderEquity": -2109000000, "propertyPlantEquipment": 31916000000, "totalCurrentAssets": 15814000000, "longTermInvestments": 6988000000, "netTangibleAssets": -1162000000, "netReceivables": 5663000000, "longTermDebt": 7698000000, "inventory": 8159000000, "accountsPayable": 11136000000}}}, "income": {"annual": {"2021-08-31": {"researchDevelopment": null, "effectOfAccountingCharges": null, "incomeBeforeTax": 2622000000, "minorityInterest": 721000000, "netIncome": 2542000000, "sellingGeneralAdministrative": 24403000000, "grossProfit": 28067000000, "ebit": 3664000000, "operatingIncome": 3664000000, "otherOperatingExpenses": null, "interestExpense": -502000000, "extraordinaryItems": null, "nonRecurring": null, "otherItems": null, "incomeTaxExpense": 667000000, "totalRevenue": 132509000000, "totalOperatingExpenses": 128845000000, "costOfRevenue": 104442000000, "totalOtherIncomeExpenseNet": -1042000000, "discontinuedOperations": 548000000, "netIncomeFromContinuingOps": 1955000000, "netIncomeApplicableToCommonShares": 2542000000}, "2020-08-31": {"researchDevelopment": null, "effectOfAccountingCharges": null, "incomeBeforeTax": 476000000, "minorityInterest": 498000000, "netIncome": 456000000, "sellingGeneralAdministrative": 23139000000, "grossProfit": 26077000000, "ebit": 2938000000, "operatingIncome": 2938000000, "otherOperatingExpenses": null, "interestExpense": -584000000, "extraordinaryItems": null, "nonRecurring": null, "otherItems": null, "incomeTaxExpense": 339000000, "totalRevenue": 121982000000, "totalOperatingExpenses": 119044000000, "costOfRevenue": 95905000000, "totalOtherIncomeExpenseNet": -2462000000, "discontinuedOperations": 277000000, "netIncomeFromContinuingOps": 137000000, "netIncomeApplicableToCommonShares": 456000000}, "2019-08-31": {"researchDevelopment": null, "effectOfAccountingCharges": null, "incomeBeforeTax": 4367000000, "minorityInterest": 641000000, "netIncome": 3982000000, "sellingGeneralAdministrative": 23339000000, "grossProfit": 28159000000, "ebit": 4820000000, "operatingIncome": 4820000000, "otherOperatingExpenses": null, "interestExpense": -676000000, "extraordinaryItems": null, "nonRecurring": null, "otherItems": null, "incomeTaxExpense": 577000000, "totalRevenue": 120074000000, "totalOperatingExpenses": 115254000000, "costOfRevenue": 91915000000, "totalOtherIncomeExpenseNet": -453000000, "discontinuedOperations": 166000000, "netIncomeFromContinuingOps": 3790000000, "netIncomeApplicableToCommonShares": 3982000000}, "2018-08-31": {"researchDevelopment": null, "effectOfAccountingCharges": null, "incomeBeforeTax": 6029000000, "minorityInterest": 682000000, "netIncome": 5024000000, "sellingGeneralAdministrative": 24638000000, "grossProfit": 30792000000, "ebit": 6154000000, "operatingIncome": 6154000000, "otherOperatingExpenses": null, "interestExpense": -577000000, "extraordinaryItems": null, "nonRecurring": null, "otherItems": null, "incomeTaxExpense": 998000000, "totalRevenue": 131537000000, "totalOperatingExpenses": 125383000000, "costOfRevenue": 100745000000, "totalOtherIncomeExpenseNet": -125000000, "discontinuedOperations": 166000000, "netIncomeFromContinuingOps": 5031000000, "netIncomeApplicableToCommonShares": 5024000000}}, "quarterly": {"2022-05-31": {"researchDevelopment": null, "effectOfAccountingCharges": null, "incomeBeforeTax": -13000000, "minorityInterest": 4904000000, "netIncome": 289000000, "sellingGeneralAdministrative": 6986000000, "grossProfit": 6572000000, "ebit": -414000000, "operatingIncome": -414000000, "otherOperatingExpenses": null, "interestExpense": -104000000, "extraordinaryItems": null, "nonRecurring": null, "otherItems": null, "incomeTaxExpense": -242000000, "totalRevenue": 32597000000, "totalOperatingExpenses": 33011000000, "costOfRevenue": 26025000000, "totalOtherIncomeExpenseNet": 401000000, "discontinuedOperations": null, "netIncomeFromContinuingOps": 229000000, "netIncomeApplicableToCommonShares": 289000000}, "2022-02-28": {"researchDevelopment": null, "effectOfAccountingCharges": null, "incomeBeforeTax": 977000000, "minorityInterest": 4978000000, "netIncome": 883000000, "sellingGeneralAdministrative": 6654000000, "grossProfit": 7709000000, "ebit": 1055000000, "operatingIncome": 1055000000, "otherOperatingExpenses": null, "interestExpense": -100000000, "extraordinaryItems": null, "nonRecurring": null, "otherItems": null, "incomeTaxExpense": 172000000, "totalRevenue": 33756000000, "totalOperatingExpenses": 32701000000, "costOfRevenue": 26047000000, "totalOtherIncomeExpenseNet": -78000000, "discontinuedOperations": null, "netIncomeFromContinuingOps": 805000000, "netIncomeApplicableToCommonShares": 883000000}, "2021-11-30": {"researchDevelopment": null, "effectOfAccountingCharges": null, "incomeBeforeTax": 3807000000, "minorityInterest": 7103000000, "netIncome": 3580000000, "sellingGeneralAdministrative": 6496000000, "grossProfit": 7575000000, "ebit": 1079000000, "operatingIncome": 1079000000, "otherOperatingExpenses": null, "interestExpense": -153000000, "extraordinaryItems": null, "nonRecurring": null, "otherItems": null, "incomeTaxExpense": 275000000, "totalRevenue": 33901000000, "totalOperatingExpenses": 32822000000, "costOfRevenue": 26326000000, "totalOtherIncomeExpenseNet": 2728000000, "discontinuedOperations": null, "netIncomeFromContinuingOps": 3532000000, "netIncomeApplicableToCommonShares": 3580000000}, "2021-08-31": {"researchDevelopment": null, "effectOfAccountingCharges": null, "incomeBeforeTax": 931000000, "minorityInterest": 721000000, "netIncome": 627000000, "sellingGeneralAdministrative": 6491000000, "grossProfit": 7503000000, "ebit": 1012000000, "operatingIncome": 1012000000, "otherOperatingExpenses": null, "interestExpense": -88000000, "extraordinaryItems": null, "nonRecurring": null, "otherItems": null, "incomeTaxExpense": 586000000, "totalRevenue": 34262000000, "totalOperatingExpenses": 33250000000, "costOfRevenue": 26759000000, "totalOtherIncomeExpenseNet": -81000000, "discontinuedOperations": 268000000, "netIncomeFromContinuingOps": 345000000, "netIncomeApplicableToCommonShares": 627000000}}}, "cash": {"annual": {"2021-08-31": {"changeToLiabilities": 842000000, "totalCashflowsFromInvestingActivities": 4072000000, "netBorrowings": -7127000000, "totalCashFromFinancingActivities": -9036000000, "changeToOperatingActivities": 712000000, "issuanceOfStock": 59000000, "netIncome": 2542000000, "changeInCash": 524000000, "repurchaseOfStock": -110000000, "effectOfExchangeRate": -66000000, "totalCashFromOperatingActivities": 5555000000, "depreciation": 1689000000, "otherCashflowsFromInvestingActivities": 1355000000, "dividendsPaid": -1617000000, "changeToInventory": 165000000, "changeToAccountReceivables": -1451000000, "otherCashflowsFromFinancingActivities": -241000000, "changeToNetincome": 612000000, "capitalExpenditures": -1379000000}, "2020-08-31": {"changeToLiabilities": -25000000, "totalCashflowsFromInvestingActivities": -1297000000, "netBorrowings": -1208000000, "totalCashFromFinancingActivities": -4647000000, "changeToOperatingActivities": 961000000, "issuanceOfStock": 55000000, "netIncome": 456000000, "changeInCash": -461000000, "repurchaseOfStock": -1589000000, "effectOfExchangeRate": -1000000, "totalCashFromOperatingActivities": 5484000000, "depreciation": 1627000000, "otherCashflowsFromInvestingActivities": 795000000, "dividendsPaid": -1747000000, "changeToInventory": 63000000, "changeToAccountReceivables": 163000000, "otherCashflowsFromFinancingActivities": -158000000, "changeToNetincome": 2160000000, "capitalExpenditures": -1374000000}, "2019-08-31": {"changeToLiabilities": 954000000, "totalCashflowsFromInvestingActivities": -2307000000, "netBorrowings": 2508000000, "totalCashFromFinancingActivities": -3047000000, "changeToOperatingActivities": -640000000, "issuanceOfStock": 174000000, "netIncome": 3982000000, "changeInCash": 232000000, "repurchaseOfStock": -4160000000, "effectOfExchangeRate": -9000000, "totalCashFromOperatingActivities": 5594000000, "depreciation": 1778000000, "otherCashflowsFromInvestingActivities": 136000000, "dividendsPaid": -1643000000, "changeToInventory": 141000000, "changeToAccountReceivables": -789000000, "otherCashflowsFromFinancingActivities": 74000000, "changeToNetincome": 314000000, "capitalExpenditures": -1702000000}, "2018-08-31": {"changeToLiabilities": 1352000000, "totalCashflowsFromInvestingActivities": -5501000000, "netBorrowings": 1596000000, "totalCashFromFinancingActivities": -5295000000, "changeToOperatingActivities": -46000000, "issuanceOfStock": 174000000, "netIncome": 5024000000, "changeInCash": -2522000000, "repurchaseOfStock": -5228000000, "effectOfExchangeRate": 11000000, "totalCashFromOperatingActivities": 8263000000, "depreciation": 1516000000, "otherCashflowsFromInvestingActivities": 659000000, "dividendsPaid": -1739000000, "changeToInventory": 331000000, "changeToAccountReceivables": -391000000, "otherCashflowsFromFinancingActivities": -98000000, "changeToNetincome": -471000000, "capitalExpenditures": -1367000000}}, "quarterly": {"2022-05-31": {"changeToLiabilities": 721000000, "totalCashflowsFromInvestingActivities": 919000000, "netBorrowings": 240000000, "totalCashFromFinancingActivities": -16000000, "changeToOperatingActivities": 560000000, "netIncome": 289000000, "changeInCash": 2515000000, "repurchaseOfStock": -19000000, "effectOfExchangeRate": -17000000, "totalCashFromOperatingActivities": 1629000000, "depreciation": 478000000, "otherCashflowsFromInvestingActivities": 1412000000, "dividendsPaid": -418000000, "changeToInventory": 293000000, "changeToAccountReceivables": 230000000, "otherCashflowsFromFinancingActivities": 181000000, "changeToNetincome": -870000000, "capitalExpenditures": -371000000}, "2022-02-28": {"changeToLiabilities": -1289000000, "totalCashflowsFromInvestingActivities": -223000000, "netBorrowings": -547000000, "totalCashFromFinancingActivities": -3108000000, "changeToOperatingActivities": -167000000, "issuanceOfStock": 13000000, "netIncome": 883000000, "changeInCash": -2242000000, "repurchaseOfStock": -33000000, "effectOfExchangeRate": 4000000, "totalCashFromOperatingActivities": 1085000000, "depreciation": 524000000, "otherCashflowsFromInvestingActivities": 311000000, "dividendsPaid": -420000000, "changeToInventory": 549000000, "changeToAccountReceivables": 622000000, "otherCashflowsFromFinancingActivities": -2121000000, "changeToNetincome": -112000000, "capitalExpenditures": -416000000}, "2021-11-30": {"changeToLiabilities": 1335000000, "totalCashflowsFromInvestingActivities": -1958000000, "netBorrowings": 4433000000, "totalCashFromFinancingActivities": 3877000000, "changeToOperatingActivities": -493000000, "issuanceOfStock": 19000000, "netIncome": 3580000000, "changeInCash": 2998000000, "repurchaseOfStock": -154000000, "effectOfExchangeRate": -20000000, "totalCashFromOperatingActivities": 1099000000, "depreciation": 500000000, "otherCashflowsFromInvestingActivities": 296000000, "dividendsPaid": -413000000, "changeToInventory": -1352000000, "changeToAccountReceivables": -127000000, "otherCashflowsFromFinancingActivities": -8000000, "changeToNetincome": -2423000000, "capitalExpenditures": -454000000}, "2021-08-31": {"changeToLiabilities": 0, "totalCashflowsFromInvestingActivities": -1958000000, "netBorrowings": 4433000000, "totalCashFromFinancingActivities": 3877000000, "changeToOperatingActivities": -493000000, "issuanceOfStock": 19000000, "netIncome": 627000000, "changeInCash": 2998000000, "repurchaseOfStock": -154000000, "effectOfExchangeRate": -20000000, "totalCashFromOperatingActivities": 1099000000, "depreciation": 500000000, "otherCashflowsFromInvestingActivities": 296000000, "dividendsPaid": -413000000, "changeToInventory": -1352000000, "changeToAccountReceivables": -127000000, "otherCashflowsFromFinancingActivities": -8000000, "changeToNetincome": -2423000000, "capitalExpenditures": -454000000}}}}, "CDW": {"balance": {"annual": {"2021-12-31": {"intangibleAssets": 1628100000, "capitalSurplus": 3369500000, "totalLiab": 12493700000, "totalStockholderEquity": 705700000, "otherCurrentLiab": 826000000, "totalAssets": 13199400000, "commonStock": 1300000, "retainedEarnings": -2570700000, "otherLiab": 457700000, "goodWill": 4382900000, "treasuryStock": -94400000, "otherAssets": 358900000, "cash": 258100000, "totalCurrentLiabilities": 5096000000, "shortLongTermDebt": 102700000, "otherStockholderEquity": -94400000, "propertyPlantEquipment": 351400000, "totalCurrentAssets": 6478100000, "netTangibleAssets": -5305300000, "netReceivables": 5069600000, "longTermDebt": 6755800000, "inventory": 927600000, "accountsPayable": 3114200000}, "2020-12-31": {"intangibleAssets": 445100000, "capitalSurplus": 3204900000, "totalLiab": 8047600000, "totalStockholderEquity": 1297100000, "otherCurrentLiab": 642900000, "totalAssets": 9344700000, "commonStock": 1400000, "retainedEarnings": -1813400000, "otherLiab": 124000000, "goodWill": 2595900000, "treasuryStock": -95800000, "otherAssets": 43900000, "cash": 1410200000, "totalCurrentLiabilities": 3898300000, "shortLongTermDebt": 70900000, "otherStockholderEquity": -95800000, "propertyPlantEquipment": 306300000, "totalCurrentAssets": 5953500000, "netTangibleAssets": -1743900000, "netReceivables": 3631200000, "longTermDebt": 3856300000, "inventory": 760000000, "accountsPayable": 2088400000}, "2019-12-31": {"intangibleAssets": 594100000, "capitalSurplus": 3095300000, "totalLiab": 7039100000, "totalStockholderEquity": 960300000, "otherCurrentLiab": 713500000, "totalAssets": 7999400000, "commonStock": 1400000, "retainedEarnings": -2018600000, "otherLiab": 133400000, "goodWill": 2553000000, "treasuryStock": -117800000, "otherAssets": 23300000, "cash": 154000000, "totalCurrentLiabilities": 3491400000, "shortLongTermDebt": 34100000, "otherStockholderEquity": -117800000, "propertyPlantEquipment": 494900000, "totalCurrentAssets": 4334100000, "netTangibleAssets": -2186800000, "netReceivables": 3397300000, "longTermDebt": 3283200000, "inventory": 611200000, "accountsPayable": 1835000000}, "2018-12-31": {"intangibleAssets": 712200000, "capitalSurplus": 2996900000, "totalLiab": 6192500000, "totalStockholderEquity": 975200000, "otherCurrentLiab": 410300000, "totalAssets": 7167700000, "commonStock": 1500000, "retainedEarnings": -1892600000, "otherLiab": 206100000, "goodWill": 2462800000, "treasuryStock": -130600000, "otherAssets": 27700000, "cash": 205800000, "totalCurrentLiabilities": 2803100000, "shortLongTermDebt": 25300000, "otherStockholderEquity": -130600000, "propertyPlantEquipment": 156100000, "totalCurrentAssets": 3796800000, "longTermInvestments": 12100000, "netTangibleAssets": -2199800000, "netReceivables": 2987600000, "longTermDebt": 3183300000, "inventory": 454300000, "accountsPayable": 1577100000}}, "quarterly": {"2022-06-30": {"intangibleAssets": 1556600000, "capitalSurplus": 3441800000, "totalLiab": 12546900000, "totalStockholderEquity": 1106200000, "otherCurrentLiab": 918500000, "totalAssets": 13653100000, "commonStock": 1400000, "retainedEarnings": -2197700000, "otherLiab": 470600000, "goodWill": 4369600000, "treasuryStock": -139300000, "otherAssets": 337900000, "cash": 541600000, "totalCurrentLiabilities": 5415600000, "shortLongTermDebt": 105500000, "otherStockholderEquity": -139300000, "propertyPlantEquipment": 349200000, "totalCurrentAssets": 7039800000, "netTangibleAssets": -4820000000, "netReceivables": 5211400000, "longTermDebt": 6481400000, "inventory": 1020100000, "accountsPayable": 3315600000}, "2022-03-31": {"intangibleAssets": 1584600000, "capitalSurplus": 3403700000, "totalLiab": 12620700000, "totalStockholderEquity": 893100000, "otherCurrentLiab": 950800000, "totalAssets": 13513800000, "commonStock": 1400000, "retainedEarnings": -2408900000, "otherLiab": 450700000, "goodWill": 4376500000, "treasuryStock": -103100000, "otherAssets": 322300000, "cash": 386900000, "totalCurrentLiabilities": 5464600000, "shortLongTermDebt": 83900000, "otherStockholderEquity": -103100000, "propertyPlantEquipment": 359600000, "totalCurrentAssets": 6870800000, "netTangibleAssets": -5068000000, "netReceivables": 5184100000, "longTermDebt": 6514800000, "inventory": 1054600000, "accountsPayable": 3198300000}, "2021-12-31": {"intangibleAssets": 1628100000, "capitalSurplus": 3369500000, "totalLiab": 12493700000, "totalStockholderEquity": 705700000, "otherCurrentLiab": 826000000, "totalAssets": 13199400000, "commonStock": 1300000, "retainedEarnings": -2570700000, "otherLiab": 457700000, "goodWill": 4382900000, "treasuryStock": -94400000, "otherAssets": 358900000, "cash": 258100000, "totalCurrentLiabilities": 5096000000, "shortLongTermDebt": 102700000, "otherStockholderEquity": -94400000, "propertyPlantEquipment": 351400000, "totalCurrentAssets": 6478100000, "netTangibleAssets": -5305300000, "netReceivables": 5069600000, "longTermDebt": 6755800000, "inventory": 927600000, "accountsPayable": 3114200000}, "2021-09-30": {"intangibleAssets": 503300000, "capitalSurplus": 3335700000, "totalLiab": 8174600000, "totalStockholderEquity": 837000000, "otherCurrentLiab": 690800000, "totalAssets": 9011600000, "commonStock": 1400000, "retainedEarnings": -2402600000, "otherLiab": 144300000, "goodWill": 2804600000, "treasuryStock": -97500000, "otherAssets": 110000000, "cash": 245100000, "totalCurrentLiabilities": 3833200000, "shortLongTermDebt": 28500000, "otherStockholderEquity": -97500000, "propertyPlantEquipment": 301500000, "totalCurrentAssets": 5292200000, "netTangibleAssets": -2470900000, "netReceivables": 3955300000, "longTermDebt": 4037700000, "inventory": 844400000, "accountsPayable": 2280700000}}}, "income": {"annual": {"2021-12-31": {"researchDevelopment": null, "effectOfAccountingCharges": null, "incomeBeforeTax": 1297800000, "minorityInterest": null, "netIncome": 988600000, "sellingGeneralAdministrative": 2095200000, "grossProfit": 3568500000, "ebit": 1473300000, "operatingIncome": 1473300000, "otherOperatingExpenses": null, "interestExpense": -150900000, "extraordinaryItems": null, "nonRecurring": null, "otherItems": null, "incomeTaxExpense": 309200000, "totalRevenue": 20820800000, "totalOperatingExpenses": 19347500000, "costOfRevenue": 17252300000, "totalOtherIncomeExpenseNet": -175500000, "discontinuedOperations": null, "netIncomeFromContinuingOps": 988600000, "netIncomeApplicableToCommonShares": 988600000}, "2020-12-31": {"researchDevelopment": null, "effectOfAccountingCharges": null, "incomeBeforeTax": 1002300000, "minorityInterest": null, "netIncome": 788500000, "sellingGeneralAdministrative": 2026000000, "grossProfit": 3210100000, "ebit": 1184100000, "operatingIncome": 1184100000, "otherOperatingExpenses": null, "interestExpense": -154900000, "extraordinaryItems": null, "nonRecurring": null, "otherItems": null, "incomeTaxExpense": 213800000, "totalRevenue": 18467500000, "totalOperatingExpenses": 17283400000, "costOfRevenue": 15257400000, "totalOtherIncomeExpenseNet": -181800000, "discontinuedOperations": null, "netIncomeFromContinuingOps": 788500000, "netIncomeApplicableToCommonShares": 788500000}, "2019-12-31": {"researchDevelopment": null, "effectOfAccountingCharges": null, "incomeBeforeTax": 949700000, "minorityInterest": null, "netIncome": 736800000, "sellingGeneralAdministrative": 1906300000, "grossProfit": 3039900000, "ebit": 1133600000, "operatingIncome": 1133600000, "otherOperatingExpenses": null, "interestExpense": -159400000, "extraordinaryItems": null, "nonRecurring": null, "otherItems": null, "incomeTaxExpense": 212900000, "totalRevenue": 18032400000, "totalOperatingExpenses": 16898800000, "costOfRevenue": 14992500000, "totalOtherIncomeExpenseNet": -183900000, "discontinuedOperations": null, "netIncomeFromContinuingOps": 736800000, "netIncomeApplicableToCommonShares": 736800000}, "2018-12-31": {"researchDevelopment": null, "effectOfAccountingCharges": null, "incomeBeforeTax": 840500000, "minorityInterest": null, "netIncome": 643000000, "sellingGeneralAdministrative": 1719600000, "grossProfit": 2706900000, "ebit": 987300000, "operatingIncome": 987300000, "otherOperatingExpenses": null, "interestExpense": -148600000, "extraordinaryItems": null, "nonRecurring": null, "otherItems": null, "incomeTaxExpense": 197500000, "totalRevenue": 16240500000, "totalOperatingExpenses": 15253200000, "costOfRevenue": 13533600000, "totalOtherIncomeExpenseNet": -146800000, "discontinuedOperations": null, "netIncomeFromContinuingOps": 643000000, "netIncomeApplicableToCommonShares": 643000000}}, "quarterly": {"2022-06-30": {"researchDevelopment": null, "effectOfAccountingCharges": null, "incomeBeforeTax": 377200000, "minorityInterest": null, "netIncome": 279300000, "sellingGeneralAdministrative": 718000000, "grossProfit": 1168200000, "ebit": 450200000, "operatingIncome": 450200000, "otherOperatingExpenses": null, "interestExpense": -57700000, "extraordinaryItems": null, "nonRecurring": null, "otherItems": null, "incomeTaxExpense": 97900000, "totalRevenue": 6145800000, "totalOperatingExpenses": 5695600000, "costOfRevenue": 4977600000, "totalOtherIncomeExpenseNet": -73000000, "discontinuedOperations": null, "netIncomeFromContinuingOps": 279300000, "netIncomeApplicableToCommonShares": 279300000}, "2022-03-31": {"researchDevelopment": null, "effectOfAccountingCharges": null, "incomeBeforeTax": 330400000, "minorityInterest": null, "netIncome": 250200000, "sellingGeneralAdministrative": 717200000, "grossProfit": 1104100000, "ebit": 386900000, "operatingIncome": 386900000, "otherOperatingExpenses": null, "interestExpense": -56000000, "extraordinaryItems": null, "nonRecurring": null, "otherItems": null, "incomeTaxExpense": 80200000, "totalRevenue": 5949100000, "totalOperatingExpenses": 5562200000, "costOfRevenue": 4845000000, "totalOtherIncomeExpenseNet": -56500000, "discontinuedOperations": null, "netIncomeFromContinuingOps": 250200000, "netIncomeApplicableToCommonShares": 250200000}, "2021-12-31": {"researchDevelopment": null, "effectOfAccountingCharges": null, "incomeBeforeTax": 287300000, "minorityInterest": null, "netIncome": 215300000, "sellingGeneralAdministrative": 582000000, "grossProfit": 975600000, "ebit": 393600000, "operatingIncome": 393600000, "otherOperatingExpenses": null, "interestExpense": -43400000, "extraordinaryItems": null, "nonRecurring": null, "otherItems": null, "incomeTaxExpense": 72000000, "totalRevenue": 5536900000, "totalOperatingExpenses": 5143300000, "costOfRevenue": 4561300000, "totalOtherIncomeExpenseNet": -106300000, "discontinuedOperations": null, "netIncomeFromContinuingOps": 215300000, "netIncomeApplicableToCommonShares": 215300000}, "2021-09-30": {"researchDevelopment": null, "effectOfAccountingCharges": null, "incomeBeforeTax": 350400000, "minorityInterest": null, "netIncome": 266600000, "sellingGeneralAdministrative": 528500000, "grossProfit": 914900000, "ebit": 386400000, "operatingIncome": 386400000, "otherOperatingExpenses": null, "interestExpense": -36400000, "extraordinaryItems": null, "nonRecurring": null, "otherItems": null, "incomeTaxExpense": 83800000, "totalRevenue": 5300000000, "totalOperatingExpenses": 4913600000, "costOfRevenue": 4385100000, "totalOtherIncomeExpenseNet": -36000000, "discontinuedOperations": null, "netIncomeFromContinuingOps": 266600000, "netIncomeApplicableToCommonShares": 266600000}}}, "cash": {"annual": {"2021-12-31": {"investments": 36000000, "changeToLiabilities": 374500000, "totalCashflowsFromInvestingActivities": -2769600000, "netBorrowings": 2605700000, "totalCashFromFinancingActivities": 832800000, "changeToOperatingActivities": -38300000, "issuanceOfStock": 69900000, "netIncome": 988600000, "changeInCash": -1152100000, "repurchaseOfStock": -1528900000, "effectOfExchangeRate": 100000, "totalCashFromOperatingActivities": 784600000, "depreciation": 191200000, "dividendsPaid": -234800000, "changeToInventory": -151000000, "changeToAccountReceivables": -616800000, "otherCashflowsFromFinancingActivities": -79100000, "changeToNetincome": 36400000, "capitalExpenditures": -100000000}, "2020-12-31": {"investments": 36000000, "changeToLiabilities": 253700000, "totalCashflowsFromInvestingActivities": -201000000, "netBorrowings": 719500000, "totalCashFromFinancingActivities": 138800000, "changeToOperatingActivities": 49000000, "issuanceOfStock": 49200000, "netIncome": 788500000, "changeInCash": 1256200000, "repurchaseOfStock": -363100000, "effectOfExchangeRate": 4100000, "totalCashFromOperatingActivities": 1314300000, "depreciation": 425600000, "dividendsPaid": -219600000, "changeToInventory": -71400000, "changeToAccountReceivables": -226400000, "otherCashflowsFromFinancingActivities": -47200000, "changeToNetincome": 95300000, "capitalExpenditures": -158000000}, "2019-12-31": {"investments": 36000000, "changeToLiabilities": 194100000, "totalCashflowsFromInvestingActivities": -331400000, "netBorrowings": 110700000, "totalCashFromFinancingActivities": -749800000, "changeToOperatingActivities": 237400000, "issuanceOfStock": 34900000, "netIncome": 736800000, "changeInCash": -51800000, "repurchaseOfStock": -678600000, "effectOfExchangeRate": 2200000, "totalCashFromOperatingActivities": 1027200000, "depreciation": 267100000, "dividendsPaid": -183400000, "changeToInventory": -153000000, "changeToAccountReceivables": -244800000, "otherCashflowsFromFinancingActivities": -33400000, "changeToNetincome": -10400000, "capitalExpenditures": -236300000}, "2018-12-31": {"investments": 36000000, "changeToLiabilities": 271200000, "totalCashflowsFromInvestingActivities": -86100000, "netBorrowings": -67400000, "totalCashFromFinancingActivities": -754800000, "changeToOperatingActivities": 142500000, "issuanceOfStock": 34900000, "netIncome": 643000000, "changeInCash": 61600000, "repurchaseOfStock": -556200000, "effectOfExchangeRate": -3400000, "totalCashFromOperatingActivities": 905900000, "depreciation": 265600000, "dividendsPaid": -139400000, "changeToInventory": -46800000, "changeToAccountReceivables": -365100000, "otherCashflowsFromFinancingActivities": 8200000, "changeToNetincome": -4500000, "capitalExpenditures": -86100000}}, "quarterly": {"2022-06-30": {"changeToLiabilities": 122800000, "totalCashflowsFromInvestingActivities": -50300000, "netBorrowings": -112500000, "totalCashFromFinancingActivities": -166800000, "changeToOperatingActivities": -244900000, "issuanceOfStock": 6800000, "netIncome": 279300000, "changeInCash": 154700000, "repurchaseOfStock": -200000, "effectOfExchangeRate": -8500000, "totalCashFromOperatingActivities": 380300000, "depreciation": 71100000, "dividendsPaid": -67500000, "changeToInventory": 20600000, "changeToAccountReceivables": 105200000, "otherCashflowsFromFinancingActivities": 6600000, "changeToNetincome": 26200000, "capitalExpenditures": -22300000}, "2022-03-31": {"changeToLiabilities": 87800000, "totalCashflowsFromInvestingActivities": -41300000, "netBorrowings": -130400000, "totalCashFromFinancingActivities": -208100000, "changeToOperatingActivities": 204100000, "issuanceOfStock": 8300000, "netIncome": 250200000, "changeInCash": 128800000, "repurchaseOfStock": -20400000, "effectOfExchangeRate": -2600000, "totalCashFromOperatingActivities": 380800000, "depreciation": 71400000, "dividendsPaid": -67500000, "changeToInventory": -130300000, "changeToAccountReceivables": -125000000, "otherCashflowsFromFinancingActivities": 1900000, "changeToNetincome": 22600000, "capitalExpenditures": -41300000}, "2021-12-31": {"changeToLiabilities": 194800000, "totalCashflowsFromInvestingActivities": -2399700000, "netBorrowings": 2677200000, "totalCashFromFinancingActivities": 2264600000, "changeToOperatingActivities": 12900000, "issuanceOfStock": 9200000, "netIncome": 215300000, "changeInCash": 13000000, "repurchaseOfStock": -315200000, "effectOfExchangeRate": 200000, "totalCashFromOperatingActivities": 147900000, "depreciation": 51200000, "dividendsPaid": -67700000, "changeToInventory": -63500000, "changeToAccountReceivables": -293300000, "otherCashflowsFromFinancingActivities": -38900000, "changeToNetincome": 30500000, "capitalExpenditures": -33800000}, "2021-09-30": {"changeToLiabilities": 72200000, "totalCashflowsFromInvestingActivities": -155800000, "netBorrowings": 78600000, "totalCashFromFinancingActivities": -389300000, "changeToOperatingActivities": 37800000, "issuanceOfStock": 18900000, "netIncome": 266600000, "changeInCash": -256100000, "repurchaseOfStock": -450600000, "effectOfExchangeRate": -2800000, "totalCashFromOperatingActivities": 291800000, "depreciation": 48200000, "dividendsPaid": -54800000, "changeToInventory": 40400000, "changeToAccountReceivables": -183000000, "otherCashflowsFromFinancingActivities": 18600000, "changeToNetincome": 9600000, "capitalExpenditures": -27700000}}}}, "ULTA": {"balance": {"annual": {"2022-01-29": {"intangibleAssets": 1538000, "capitalSurplus": 934945000, "totalLiab": 3229006000, "totalStockholderEquity": 1535373000, "deferredLongTermLiab": 22596000, "otherCurrentLiab": 366365000, "totalAssets": 4764379000, "commonStock": 530000, "otherCurrentAssets": 5909000, "retainedEarnings": 653376000, "otherLiab": 98358000, "goodWill": 10870000, "treasuryStock": -53478000, "otherAssets": 71385000, "cash": 431560000, "totalCurrentLiabilities": 1558010000, "propertyPlantEquipment": 2396732000, "totalCurrentAssets": 2281183000, "longTermInvestments": 2671000, "netTangibleAssets": 1522965000, "netReceivables": 233682000, "inventory": 1499218000, "accountsPayable": 552730000}, "2021-01-30": {"intangibleAssets": 2465000, "capitalSurplus": 847303000, "totalLiab": 3090420000, "totalStockholderEquity": 1999549000, "deferredLongTermLiab": 16694000, "otherCurrentLiab": 316912000, "totalAssets": 5089969000, "commonStock": 569000, "retainedEarnings": 1189422000, "otherLiab": 103321000, "goodWill": 10870000, "treasuryStock": -37745000, "otherAssets": 58274000, "cash": 1046051000, "totalCurrentLiabilities": 1343713000, "otherStockholderEquity": 56000, "propertyPlantEquipment": 2500409000, "totalCurrentAssets": 2514777000, "longTermInvestments": 3174000, "netTangibleAssets": 1986214000, "netReceivables": 193109000, "inventory": 1168215000, "accountsPayable": 477052000}, "2020-02-01": {"intangibleAssets": 3391000, "capitalSurplus": 807492000, "totalLiab": 2961778000, "totalStockholderEquity": 1902094000, "otherCurrentLiab": 237535000, "totalAssets": 4863872000, "commonStock": 573000, "otherCurrentAssets": 16387000, "retainedEarnings": 1128477000, "otherLiab": 125799000, "goodWill": 10870000, "treasuryStock": -34448000, "otherAssets": 47269000, "cash": 392325000, "totalCurrentLiabilities": 1137261000, "propertyPlantEquipment": 2743089000, "totalCurrentAssets": 2055317000, "longTermInvestments": 3936000, "netTangibleAssets": 1887833000, "shortTermInvestments": 110000000, "netReceivables": 139337000, "inventory": 1293701000, "accountsPayable": 414009000}, "2019-02-02": {"intangibleAssets": 4317000, "capitalSurplus": 738671000, "totalLiab": 1370954000, "totalStockholderEquity": 1820218000, "otherCurrentLiab": 231139000, "totalAssets": 3191172000, "commonStock": 592000, "otherCurrentAssets": 16997000, "retainedEarnings": 1105863000, "otherLiab": 547218000, "goodWill": 10870000, "treasuryStock": -24908000, "otherAssets": 32994000, "cash": 409251000, "totalCurrentLiabilities": 823736000, "propertyPlantEquipment": 1226029000, "totalCurrentAssets": 1914861000, "longTermInvestments": 2101000, "netTangibleAssets": 1805031000, "netReceivables": 136168000, "inventory": 1214329000, "accountsPayable": 404016000}}, "quarterly": {"2022-04-30": {"intangibleAssets": 1307000, "capitalSurplus": 951802000, "totalLiab": 3266416000, "totalStockholderEquity": 1745620000, "otherCurrentLiab": 432807000, "totalAssets": 5012036000, "commonStock": 528000, "retainedEarnings": 851940000, "otherLiab": 98313000, "goodWill": 10870000, "treasuryStock": -58650000, "otherAssets": 70409000, "cash": 654486000, "totalCurrentLiabilities": 1599747000, "propertyPlantEquipment": 2397583000, "totalCurrentAssets": 2531867000, "netTangibleAssets": 1733443000, "netReceivables": 192754000, "inventory": 1570552000, "accountsPayable": 585500000}, "2022-01-29": {"intangibleAssets": 1538000, "capitalSurplus": 934945000, "totalLiab": 3229006000, "totalStockholderEquity": 1535373000, "deferredLongTermLiab": 22596000, "otherCurrentLiab": 366365000, "totalAssets": 4764379000, "commonStock": 530000, "otherCurrentAssets": 5909000, "retainedEarnings": 653376000, "otherLiab": 98358000, "goodWill": 10870000, "treasuryStock": -53478000, "otherAssets": 71385000, "cash": 431560000, "totalCurrentLiabilities": 1558010000, "propertyPlantEquipment": 2396732000, "totalCurrentAssets": 2281183000, "longTermInvestments": 2671000, "netTangibleAssets": 1522965000, "netReceivables": 233682000, "inventory": 1499218000, "accountsPayable": 552730000}, "2021-10-30": {"intangibleAssets": 1770000, "capitalSurplus": 915814000, "totalLiab": 3300967000, "totalStockholderEquity": 1986800000, "otherCurrentLiab": 272628000, "totalAssets": 5287767000, "commonStock": 549000, "otherCurrentAssets": 37501000, "retainedEarnings": 1123749000, "otherLiab": 110930000, "goodWill": 10870000, "treasuryStock": -53312000, "otherAssets": 65421000, "cash": 605053000, "totalCurrentLiabilities": 1624116000, "propertyPlantEquipment": 2373198000, "totalCurrentAssets": 2833693000, "longTermInvestments": 2815000, "netTangibleAssets": 1974160000, "netReceivables": 169212000, "inventory": 1916343000, "accountsPayable": 747451000}, "2021-07-31": {"intangibleAssets": 2001000, "capitalSurplus": 889206000, "totalLiab": 3074772000, "totalStockholderEquity": 1879813000, "otherCurrentLiab": 309307000, "totalAssets": 4954585000, "commonStock": 551000, "otherCurrentAssets": 18544000, "retainedEarnings": 1034831000, "otherLiab": 107700000, "goodWill": 10870000, "treasuryStock": -44775000, "otherAssets": 63961000, "cash": 770144000, "totalCurrentLiabilities": 1381533000, "propertyPlantEquipment": 2379673000, "totalCurrentAssets": 2494934000, "longTermInvestments": 3146000, "netTangibleAssets": 1866942000, "netReceivables": 154416000, "inventory": 1443685000, "accountsPayable": 535257000}}}, "income": {"annual": {"2022-01-29": {"researchDevelopment": null, "effectOfAccountingCharges": null, "incomeBeforeTax": 1295829000, "minorityInterest": null, "netIncome": 985837000, "sellingGeneralAdministrative": 2454543000, "grossProfit": 3757531000, "ebit": 1293471000, "operatingIncome": 1293471000, "otherOperatingExpenses": null, "interestExpense": -1663000, "extraordinaryItems": null, "nonRecurring": null, "otherItems": null, "incomeTaxExpense": 309992000, "totalRevenue": 8630889000, "totalOperatingExpenses": 7337418000, "costOfRevenue": 4873358000, "totalOtherIncomeExpenseNet": 2358000, "discontinuedOperations": null, "netIncomeFromContinuingOps": 985837000, "netIncomeApplicableToCommonShares": 985837000}, "2021-01-30": {"researchDevelopment": null, "effectOfAccountingCharges": null, "incomeBeforeTax": 231085000, "minorityInterest": null, "netIncome": 175835000, "sellingGeneralAdministrative": 2020722000, "grossProfit": 2334459000, "ebit": 298737000, "operatingIncome": 298737000, "otherOperatingExpenses": null, "interestExpense": -5735000, "extraordinaryItems": null, "nonRecurring": null, "otherItems": null, "incomeTaxExpense": 55250000, "totalRevenue": 6151953000, "totalOperatingExpenses": 5853216000, "costOfRevenue": 3817494000, "totalOtherIncomeExpenseNet": -67652000, "discontinuedOperations": null, "netIncomeFromContinuingOps": 175835000, "netIncomeApplicableToCommonShares": 175835000}, "2020-02-01": {"researchDevelopment": null, "effectOfAccountingCharges": null, "incomeBeforeTax": 906150000, "minorityInterest": null, "netIncome": 705945000, "sellingGeneralAdministrative": 2126865000, "grossProfit": 3047213000, "ebit": 901094000, "operatingIncome": 901094000, "otherOperatingExpenses": null, "interestExpense": -5735000, "extraordinaryItems": null, "nonRecurring": null, "otherItems": null, "incomeTaxExpense": 200205000, "totalRevenue": 7398068000, "totalOperatingExpenses": 6496974000, "costOfRevenue": 4350855000, "totalOtherIncomeExpenseNet": 5056000, "discontinuedOperations": null, "netIncomeFromContinuingOps": 705945000, "netIncomeApplicableToCommonShares": 705945000}, "2019-02-02": {"researchDevelopment": null, "effectOfAccountingCharges": null, "incomeBeforeTax": 859141000, "minorityInterest": null, "netIncome": 658559000, "sellingGeneralAdministrative": 1535464000, "grossProfit": 2409311000, "ebit": 854080000, "operatingIncome": 854080000, "otherOperatingExpenses": null, "interestExpense": -5735000, "extraordinaryItems": null, "nonRecurring": null, "otherItems": null, "incomeTaxExpense": 200582000, "totalRevenue": 6716615000, "totalOperatingExpenses": 5862535000, "costOfRevenue": 4307304000, "totalOtherIncomeExpenseNet": 5061000, "discontinuedOperations": null, "netIncomeFromContinuingOps": 658559000, "netIncomeApplicableToCommonShares": 658559000}}, "quarterly": {"2022-04-30": {"researchDevelopment": null, "effectOfAccountingCharges": null, "incomeBeforeTax": 437307000, "minorityInterest": null, "netIncome": 331395000, "sellingGeneralAdministrative": 500970000, "grossProfit": 941026000, "ebit": 437708000, "operatingIncome": 437708000, "otherOperatingExpenses": null, "interestExpense": -401000, "extraordinaryItems": null, "nonRecurring": null, "otherItems": null, "incomeTaxExpense": 105912000, "totalRevenue": 2345901000, "totalOperatingExpenses": 1908193000, "costOfRevenue": 1404875000, "totalOtherIncomeExpenseNet": -401000, "discontinuedOperations": null, "netIncomeFromContinuingOps": 331395000, "netIncomeApplicableToCommonShares": 331395000}, "2022-01-29": {"researchDevelopment": null, "effectOfAccountingCharges": null, "incomeBeforeTax": 375155000, "minorityInterest": null, "netIncome": 289366000, "sellingGeneralAdministrative": 1038945000, "grossProfit": 1416306000, "ebit": 375622000, "operatingIncome": 375622000, "otherOperatingExpenses": null, "interestExpense": -467000, "extraordinaryItems": null, "nonRecurring": null, "otherItems": null, "incomeTaxExpense": 85789000, "totalRevenue": 2729388000, "totalOperatingExpenses": 2353766000, "costOfRevenue": 1313082000, "totalOtherIncomeExpenseNet": -467000, "discontinuedOperations": null, "netIncomeFromContinuingOps": 289366000, "netIncomeApplicableToCommonShares": 289366000}, "2021-10-30": {"researchDevelopment": null, "effectOfAccountingCharges": null, "incomeBeforeTax": 283826000, "minorityInterest": null, "netIncome": 215289000, "sellingGeneralAdministrative": 504037000, "grossProfit": 789474000, "ebit": 283605000, "operatingIncome": 283605000, "otherOperatingExpenses": null, "interestExpense": -413000, "extraordinaryItems": null, "nonRecurring": null, "otherItems": null, "incomeTaxExpense": 68537000, "totalRevenue": 1995775000, "totalOperatingExpenses": 1712170000, "costOfRevenue": 1206301000, "totalOtherIncomeExpenseNet": 221000, "discontinuedOperations": null, "netIncomeFromContinuingOps": 215289000, "netIncomeApplicableToCommonShares": 215289000}, "2021-07-31": {"researchDevelopment": null, "effectOfAccountingCharges": null, "incomeBeforeTax": 331882000, "minorityInterest": null, "netIncome": 250893000, "sellingGeneralAdministrative": 465347000, "grossProfit": 797963000, "ebit": 331259000, "operatingIncome": 331259000, "otherOperatingExpenses": null, "interestExpense": -425000, "extraordinaryItems": null, "nonRecurring": null, "otherItems": null, "incomeTaxExpense": 80989000, "totalRevenue": 1967207000, "totalOperatingExpenses": 1635948000, "costOfRevenue": 1169244000, "totalOtherIncomeExpenseNet": 623000, "discontinuedOperations": null, "netIncomeFromContinuingOps": 250893000, "netIncomeApplicableToCommonShares": 250893000}}}, "cash": {"annual": {"2022-01-29": {"investments": -4297000, "changeToLiabilities": 145352000, "totalCashflowsFromInvestingActivities": -176484000, "totalCashFromFinancingActivities": -1497216000, "changeToOperatingActivities": -236336000, "issuanceOfStock": 40386000, "netIncome": 985837000, "changeInCash": -614491000, "repurchaseOfStock": -1537602000, "effectOfExchangeRate": -56000, "totalCashFromOperatingActivities": 1059265000, "depreciation": 267534000, "changeToInventory": -331003000, "changeToAccountReceivables": -40573000, "changeToNetincome": 303180000, "capitalExpenditures": -172187000}, "2021-01-30": {"investments": 104335000, "changeToLiabilities": 99172000, "totalCashflowsFromInvestingActivities": -48751000, "totalCashFromFinancingActivities": -107934000, "changeToOperatingActivities": -244060000, "issuanceOfStock": 12229000, "netIncome": 175835000, "changeInCash": 653726000, "repurchaseOfStock": -118248000, "effectOfExchangeRate": 56000, "totalCashFromOperatingActivities": 810355000, "depreciation": 296846000, "changeToInventory": 125486000, "changeToAccountReceivables": -53772000, "otherCashflowsFromFinancingActivities": -1915000, "changeToNetincome": 351006000, "capitalExpenditures": -151866000}, "2020-02-01": {"investments": -172946000, "changeToLiabilities": 48474000, "totalCashflowsFromInvestingActivities": -471480000, "totalCashFromFinancingActivities": -646739000, "changeToOperatingActivities": -164544000, "issuanceOfStock": 43780000, "netIncome": 705945000, "changeInCash": -16926000, "repurchaseOfStock": -690519000, "effectOfExchangeRate": 56000, "totalCashFromOperatingActivities": 1101293000, "depreciation": 294673000, "changeToInventory": -79372000, "changeToAccountReceivables": -20637000, "otherCashflowsFromFinancingActivities": -1915000, "changeToNetincome": 315218000, "capitalExpenditures": -298534000}, "2019-02-02": {"investments": 117899000, "changeToLiabilities": 128940000, "totalCashflowsFromInvestingActivities": -215107000, "totalCashFromFinancingActivities": -609214000, "changeToOperatingActivities": 13570000, "issuanceOfStock": 13121000, "netIncome": 658559000, "changeInCash": 131806000, "repurchaseOfStock": -622335000, "effectOfExchangeRate": 56000, "totalCashFromOperatingActivities": 956127000, "depreciation": 279158000, "changeToInventory": -122019000, "changeToAccountReceivables": -36387000, "otherCashflowsFromFinancingActivities": -1915000, "changeToNetincome": 63601000, "capitalExpenditures": -319400000}}, "quarterly": {"2022-04-30": {"investments": -797000, "changeToLiabilities": 13701000, "totalCashflowsFromInvestingActivities": -71873000, "totalCashFromFinancingActivities": -131504000, "changeToOperatingActivities": -137021000, "issuanceOfStock": 6502000, "netIncome": 331395000, "changeInCash": 222926000, "repurchaseOfStock": -138006000, "totalCashFromOperatingActivities": 426303000, "depreciation": 62839000, "changeToInventory": -71334000, "changeToAccountReceivables": 40928000, "changeToNetincome": 84559000, "capitalExpenditures": -71076000}, "2022-01-29": {"investments": -4297000, "changeToLiabilities": -118997000, "totalCashflowsFromInvestingActivities": -68066000, "totalCashFromFinancingActivities": -749835000, "changeToOperatingActivities": -40398000, "issuanceOfStock": 10089000, "netIncome": 289366000, "changeInCash": -173493000, "repurchaseOfStock": -759924000, "totalCashFromOperatingActivities": 644408000, "depreciation": 62800000, "changeToInventory": 417125000, "changeToAccountReceivables": -64470000, "changeToNetincome": 53681000, "capitalExpenditures": -63769000}, "2021-10-30": {"investments": -4297000, "changeToLiabilities": 213910000, "totalCashflowsFromInvestingActivities": -51113000, "totalCashFromFinancingActivities": -127422000, "changeToOperatingActivities": -66507000, "issuanceOfStock": 7489000, "netIncome": 215289000, "changeInCash": -165091000, "repurchaseOfStock": -134911000, "totalCashFromOperatingActivities": 13444000, "depreciation": 65157000, "changeToInventory": -472658000, "changeToAccountReceivables": -14796000, "changeToNetincome": 92002000, "capitalExpenditures": -51113000}, "2021-07-31": {"investments": -4297000, "changeToLiabilities": -21848000, "totalCashflowsFromInvestingActivities": -22742000, "totalCashFromFinancingActivities": -225916000, "changeToOperatingActivities": -81403000, "issuanceOfStock": 17776000, "netIncome": 250893000, "changeInCash": -177312000, "repurchaseOfStock": -243692000, "totalCashFromOperatingActivities": 71346000, "depreciation": 68978000, "changeToInventory": -90120000, "changeToAccountReceivables": -74000, "changeToNetincome": 77425000, "capitalExpenditures": -22742000}}}}}