{"MS": {"balance": {"annual": {"2021-12-31": {"intangibleAssets": 8360000000, "capitalSurplus": 28841000000, "totalLiab": 1081542000000, "totalStockholderEquity": 97691000000, "minorityInterest": 1157000000, "otherCurrentLiab": 130164000000, "totalAssets": 1188140000000, "commonStock": 20000000, "otherCurrentAssets": 118018000000, "retainedEarnings": 89432000000, "otherLiab": 365313000000, "goodWill": 16833000000, "treasuryStock": -20602000000, "otherAssets": 17009000000, "cash": 127725000000, "totalCurrentLiabilities": 495637000000, "shortLongTermDebt": 17329000000, "otherStockholderEquity": -3102000000, "propertyPlantEquipment": 4268000000, "totalCurrentAssets": 956458000000, "longTermInvestments": 185212000000, "netTangibleAssets": 72498000000, "shortTermInvestments": 249712000000, "netReceivables": 268424000000, "longTermDebt": 216321000000, "accountsPayable": 228685000000}, "2020-12-31": {"intangibleAssets": 4980000000, "capitalSurplus": 25546000000, "totalLiab": 1012713000000, "totalStockholderEquity": 92531000000, "minorityInterest": 1368000000, "otherCurrentLiab": 112693000000, "totalAssets": 1115862000000, "commonStock": 20000000, "otherCurrentAssets": 145391000000, "retainedEarnings": 78694000000, "otherLiab": 331058000000, "goodWill": 11635000000, "treasuryStock": -11729000000, "otherAssets": 14913000000, "cash": 105654000000, "totalCurrentLiabilities": 484570000000, "shortLongTermDebt": 26199000000, "otherStockholderEquity": -1962000000, "propertyPlantEquipment": 4419000000, "totalCurrentAssets": 895351000000, "longTermInvestments": 184564000000, "netTangibleAssets": 75916000000, "shortTermInvestments": 228625000000, "netReceivables": 234653000000, "longTermDebt": 192599000000, "accountsPayable": 227437000000}, "2019-12-31": {"intangibleAssets": 2107000000, "capitalSurplus": 23935000000, "totalLiab": 812732000000, "totalStockholderEquity": 73029000000, "minorityInterest": 1148000000, "otherCurrentLiab": 104922000000, "totalAssets": 895429000000, "commonStock": 20000000, "otherCurrentAssets": 140963000000, "retainedEarnings": 70589000000, "otherLiab": 206733000000, "goodWill": 7143000000, "treasuryStock": -21515000000, "otherAssets": 13756000000, "cash": 82171000000, "totalCurrentLiabilities": 426602000000, "shortLongTermDebt": 22273000000, "otherStockholderEquity": -2788000000, "propertyPlantEquipment": 3998000000, "totalCurrentAssets": 760337000000, "longTermInvestments": 108088000000, "netTangibleAssets": 63779000000, "shortTermInvestments": 194773000000, "netReceivables": 173341000000, "longTermDebt": 175382000000, "accountsPayable": 197834000000}, "2018-12-31": {"intangibleAssets": 2163000000, "capitalSurplus": 23794000000, "totalLiab": 772125000000, "totalStockholderEquity": 71726000000, "minorityInterest": 1160000000, "otherCurrentLiab": 99489000000, "totalAssets": 853531000000, "commonStock": 20000000, "otherCurrentAssets": 192856000000, "retainedEarnings": 64175000000, "otherLiab": 205024000000, "goodWill": 6688000000, "treasuryStock": -16263000000, "otherAssets": 13209000000, "cash": 30541000000, "totalCurrentLiabilities": 402188000000, "shortLongTermDebt": 30634000000, "otherStockholderEquity": -2292000000, "totalCurrentAssets": 737207000000, "longTermInvestments": 94264000000, "netTangibleAssets": 62880000000, "shortTermInvestments": 214835000000, "netReceivables": 152498000000, "longTermDebt": 164913000000, "accountsPayable": 179559000000}}, "quarterly": {"2022-06-30": {"intangibleAssets": 8046000000, "capitalSurplus": 28394000000, "totalLiab": 1071114000000, "totalStockholderEquity": 93846000000, "minorityInterest": 1066000000, "otherCurrentLiab": 112079000000, "totalAssets": 1173776000000, "commonStock": 20000000, "otherCurrentAssets": 109914000000, "retainedEarnings": 92889000000, "otherLiab": 371796000000, "goodWill": 16757000000, "treasuryStock": -27457000000, "otherAssets": 22909000000, "cash": 131286000000, "totalCurrentLiabilities": 477080000000, "shortLongTermDebt": 6671000000, "otherStockholderEquity": -5021000000, "totalCurrentAssets": 958652000000, "longTermInvestments": 167412000000, "netTangibleAssets": 69043000000, "shortTermInvestments": 259243000000, "netReceivables": 275770000000, "longTermDebt": 222238000000, "accountsPayable": 231107000000}, "2022-03-31": {"intangibleAssets": 8244000000, "capitalSurplus": 28007000000, "totalLiab": 1118158000000, "totalStockholderEquity": 97691000000, "minorityInterest": 1174000000, "otherCurrentLiab": 137646000000, "totalAssets": 1222233000000, "commonStock": 20000000, "otherCurrentAssets": 121209000000, "retainedEarnings": 91722000000, "otherLiab": 381631000000, "goodWill": 16825000000, "treasuryStock": -24598000000, "otherAssets": 21440000000, "cash": 136086000000, "totalCurrentLiabilities": 518133000000, "shortLongTermDebt": 12307000000, "otherStockholderEquity": -4902000000, "totalCurrentAssets": 1002793000000, "longTermInvestments": 172931000000, "netTangibleAssets": 72498000000, "shortTermInvestments": 278762000000, "netReceivables": 276674000000, "longTermDebt": 218394000000, "accountsPayable": 240950000000}, "2021-12-31": {"intangibleAssets": 8360000000, "capitalSurplus": 28841000000, "totalLiab": 1081542000000, "totalStockholderEquity": 97691000000, "minorityInterest": 1157000000, "otherCurrentLiab": 130164000000, "totalAssets": 1188140000000, "commonStock": 20000000, "otherCurrentAssets": 118018000000, "retainedEarnings": 89432000000, "otherLiab": 365313000000, "goodWill": 16833000000, "treasuryStock": -20602000000, "otherAssets": 17009000000, "cash": 127725000000, "totalCurrentLiabilities": 495637000000, "shortLongTermDebt": 17329000000, "otherStockholderEquity": -3102000000, "propertyPlantEquipment": 4268000000, "totalCurrentAssets": 956458000000, "longTermInvestments": 185212000000, "netTangibleAssets": 72498000000, "shortTermInvestments": 249712000000, "netReceivables": 268424000000, "longTermDebt": 216321000000, "accountsPayable": 228685000000}, "2021-09-30": {"intangibleAssets": 8514000000, "capitalSurplus": 28504000000, "totalLiab": 1083357000000, "totalStockholderEquity": 98153000000, "minorityInterest": 1216000000, "otherCurrentLiab": 134787000000, "totalAssets": 1190476000000, "commonStock": 20000000, "otherCurrentAssets": 122662000000, "retainedEarnings": 87099000000, "otherLiab": 356381000000, "goodWill": 16832000000, "treasuryStock": -17470000000, "otherAssets": 23022000000, "cash": 123863000000, "totalCurrentLiabilities": 501556000000, "shortLongTermDebt": 4842000000, "otherStockholderEquity": -2701000000, "totalCurrentAssets": 956379000000, "longTermInvestments": 185729000000, "netTangibleAssets": 72807000000, "shortTermInvestments": 245643000000, "netReceivables": 258544000000, "longTermDebt": 225420000000, "accountsPayable": 240319000000}}}, "income": {"annual": {"2021-12-31": {"researchDevelopment": null, "effectOfAccountingCharges": null, "incomeBeforeTax": 19668000000, "minorityInterest": 1157000000, "netIncome": 15034000000, "sellingGeneralAdministrative": 29827000000, "grossProfit": 53295000000, "ebit": 0, "operatingIncome": 23464000000, "otherOperatingExpenses": null, "interestExpense": null, "extraordinaryItems": null, "nonRecurring": null, "otherItems": null, "incomeTaxExpense": 4548000000, "totalRevenue": 59755000000, "totalOperatingExpenses": 36291000000, "costOfRevenue": 6460000000, "totalOtherIncomeExpenseNet": -3796000000, "discontinuedOperations": null, "netIncomeFromContinuingOps": 15120000000, "netIncomeApplicableToCommonShares": 14566000000}, "2020-12-31": {"researchDevelopment": null, "effectOfAccountingCharges": null, "incomeBeforeTax": 14418000000, "minorityInterest": 1368000000, "netIncome": 10996000000, "sellingGeneralAdministrative": 24901000000, "grossProfit": 43363000000, "ebit": 0, "operatingIncome": 17701000000, "otherOperatingExpenses": null, "interestExpense": null, "extraordinaryItems": null, "nonRecurring": null, "otherItems": null, "incomeTaxExpense": 3239000000, "totalRevenue": 48757000000, "totalOperatingExpenses": 31056000000, "costOfRevenue": 5394000000, "totalOtherIncomeExpenseNet": -3283000000, "discontinuedOperations": null, "netIncomeFromContinuingOps": 11179000000, "netIncomeApplicableToCommonShares": 10500000000}, "2019-12-31": {"researchDevelopment": null, "effectOfAccountingCharges": null, "incomeBeforeTax": 11301000000, "minorityInterest": 1148000000, "netIncome": 9042000000, "sellingGeneralAdministrative": 22890000000, "grossProfit": 36851000000, "ebit": 0, "operatingIncome": 13800000000, "otherOperatingExpenses": null, "interestExpense": null, "extraordinaryItems": null, "nonRecurring": null, "otherItems": null, "incomeTaxExpense": 2064000000, "totalRevenue": 41538000000, "totalOperatingExpenses": 27738000000, "costOfRevenue": 4687000000, "totalOtherIncomeExpenseNet": -2499000000, "discontinuedOperations": null, "netIncomeFromContinuingOps": 9237000000, "netIncomeApplicableToCommonShares": 8512000000}, "2018-12-31": {"researchDevelopment": null, "effectOfAccountingCharges": null, "incomeBeforeTax": 11237000000, "minorityInterest": 1160000000, "netIncome": 8748000000, "sellingGeneralAdministrative": 21979000000, "grossProfit": 35698000000, "ebit": 0, "operatingIncome": 13719000000, "otherOperatingExpenses": null, "interestExpense": null, "extraordinaryItems": null, "nonRecurring": null, "otherItems": null, "incomeTaxExpense": 2350000000, "totalRevenue": 40107000000, "totalOperatingExpenses": 26388000000, "costOfRevenue": 4409000000, "totalOtherIncomeExpenseNet": -2482000000, "discontinuedOperations": -4000000, "netIncomeFromContinuingOps": 8887000000, "netIncomeApplicableToCommonShares": 8222000000}}, "quarterly": {"2022-06-30": {"researchDevelopment": null, "effectOfAccountingCharges": null, "incomeBeforeTax": 3319000000, "minorityInterest": 1066000000, "netIncome": 2495000000, "sellingGeneralAdministrative": 6957000000, "grossProfit": 11296000000, "ebit": 0, "operatingIncome": 4339000000, "otherOperatingExpenses": null, "interestExpense": null, "extraordinaryItems": null, "nonRecurring": null, "otherItems": null, "incomeTaxExpense": 783000000, "totalRevenue": 13031000000, "totalOperatingExpenses": 8692000000, "costOfRevenue": 1735000000, "totalOtherIncomeExpenseNet": -1020000000, "discontinuedOperations": null, "netIncomeFromContinuingOps": 2536000000, "netIncomeApplicableToCommonShares": 2391000000}, "2022-03-31": {"researchDevelopment": null, "effectOfAccountingCharges": null, "incomeBeforeTax": 4588000000, "minorityInterest": 1174000000, "netIncome": 3666000000, "sellingGeneralAdministrative": 7581000000, "grossProfit": 13033000000, "ebit": 0, "operatingIncome": 5452000000, "otherOperatingExpenses": null, "interestExpense": null, "extraordinaryItems": null, "nonRecurring": null, "otherItems": null, "incomeTaxExpense": 873000000, "totalRevenue": 14744000000, "totalOperatingExpenses": 9292000000, "costOfRevenue": 1711000000, "totalOtherIncomeExpenseNet": -867000000, "discontinuedOperations": null, "netIncomeFromContinuingOps": 3715000000, "netIncomeApplicableToCommonShares": 3542000000}, "2021-12-31": {"researchDevelopment": null, "effectOfAccountingCharges": null, "incomeBeforeTax": 4884000000, "minorityInterest": 1157000000, "netIncome": 3696000000, "sellingGeneralAdministrative": 6898000000, "grossProfit": 12880000000, "ebit": 0, "operatingIncome": 5977000000, "otherOperatingExpenses": null, "interestExpense": null, "extraordinaryItems": null, "nonRecurring": null, "otherItems": null, "incomeTaxExpense": 1168000000, "totalRevenue": 14524000000, "totalOperatingExpenses": 8547000000, "costOfRevenue": 1644000000, "totalOtherIncomeExpenseNet": -1093000000, "discontinuedOperations": null, "netIncomeFromContinuingOps": 3716000000, "netIncomeApplicableToCommonShares": 3592000000}, "2021-09-30": {"researchDevelopment": null, "effectOfAccountingCharges": null, "incomeBeforeTax": 4874000000, "minorityInterest": 1216000000, "netIncome": 3707000000, "sellingGeneralAdministrative": 7227000000, "grossProfit": 13140000000, "ebit": 0, "operatingIncome": 5889000000, "otherOperatingExpenses": null, "interestExpense": null, "extraordinaryItems": null, "nonRecurring": null, "otherItems": null, "incomeTaxExpense": 1150000000, "totalRevenue": 14753000000, "totalOperatingExpenses": 8864000000, "costOfRevenue": 1613000000, "totalOtherIncomeExpenseNet": -1015000000, "discontinuedOperations": null, "netIncomeFromContinuingOps": 3724000000, "netIncomeApplicableToCommonShares": 3584000000}}}, "cash": {"annual": {"2021-12-31": {"investments": -8003000000, "changeToLiabilities": 7758000000, "totalCashflowsFromInvestingActivities": -49897000000, "netBorrowings": 19524000000, "totalCashFromFinancingActivities": 41547000000, "changeToOperatingActivities": -4918000000, "netIncome": 15034000000, "changeInCash": 22071000000, "repurchaseOfStock": -12075000000, "effectOfExchangeRate": -3550000000, "totalCashFromOperatingActivities": 33971000000, "depreciation": 4216000000, "otherCashflowsFromInvestingActivities": -832000000, "dividendsPaid": -4171000000, "changeToAccountReceivables": 774000000, "otherCashflowsFromFinancingActivities": 36994000000, "changeToNetincome": 2032000000, "capitalExpenditures": -2308000000}, "2020-12-31": {"investments": -21510000000, "changeToLiabilities": 10187000000, "totalCashflowsFromInvestingActivities": -37898000000, "netBorrowings": 13036000000, "totalCashFromFinancingActivities": 83784000000, "changeToOperatingActivities": -38240000000, "netIncome": 10996000000, "changeInCash": 23483000000, "repurchaseOfStock": -1890000000, "effectOfExchangeRate": 2828000000, "totalCashFromOperatingActivities": -25231000000, "depreciation": 3769000000, "otherCashflowsFromInvestingActivities": -802000000, "dividendsPaid": -2739000000, "changeToAccountReceivables": -29774000000, "otherCashflowsFromFinancingActivities": 75377000000, "changeToNetincome": 2280000000, "capitalExpenditures": -1444000000}, "2019-12-31": {"investments": -13423000000, "changeToLiabilities": 19942000000, "totalCashflowsFromInvestingActivities": -33561000000, "netBorrowings": -6248000000, "totalCashFromFinancingActivities": -11966000000, "changeToOperatingActivities": 21101000000, "netIncome": 9042000000, "changeInCash": -5025000000, "repurchaseOfStock": -5954000000, "effectOfExchangeRate": -271000000, "totalCashFromOperatingActivities": 40773000000, "depreciation": 2643000000, "otherCashflowsFromInvestingActivities": -953000000, "dividendsPaid": -2627000000, "changeToAccountReceivables": 233000000, "otherCashflowsFromFinancingActivities": 2366000000, "changeToNetincome": 1479000000, "capitalExpenditures": -1826000000}, "2018-12-31": {"investments": -11924000000, "changeToLiabilities": -13063000000, "totalCashflowsFromInvestingActivities": -22881000000, "netBorrowings": 4052000000, "totalCashFromFinancingActivities": 24205000000, "changeToOperatingActivities": -14916000000, "netIncome": 8748000000, "changeInCash": 6801000000, "repurchaseOfStock": -5566000000, "effectOfExchangeRate": -1828000000, "totalCashFromOperatingActivities": 7305000000, "depreciation": 1844000000, "otherCashflowsFromInvestingActivities": -298000000, "dividendsPaid": -2375000000, "changeToAccountReceivables": -728000000, "otherCashflowsFromFinancingActivities": 28094000000, "changeToNetincome": 1688000000, "capitalExpenditures": -1865000000}}, "quarterly": {"2022-06-30": {"investments": 3528000000, "changeToLiabilities": -6275000000, "totalCashflowsFromInvestingActivities": -8527000000, "netBorrowings": 9846000000, "totalCashFromFinancingActivities": -7985000000, "changeToOperatingActivities": 25193000000, "netIncome": 2495000000, "changeInCash": -4800000000, "repurchaseOfStock": -2837000000, "effectOfExchangeRate": -3201000000, "totalCashFromOperatingActivities": 14913000000, "depreciation": 921000000, "otherCashflowsFromInvestingActivities": -210000000, "dividendsPaid": -1304000000, "changeToAccountReceivables": 11966000000, "otherCashflowsFromFinancingActivities": -13690000000, "changeToNetincome": 865000000, "capitalExpenditures": -799000000}, "2022-03-31": {"investments": 8413000000, "changeToLiabilities": 17994000000, "totalCashflowsFromInvestingActivities": 158000000, "netBorrowings": 8554000000, "totalCashFromFinancingActivities": 9291000000, "changeToOperatingActivities": -29247000000, "netIncome": 3666000000, "changeInCash": 8361000000, "repurchaseOfStock": -3681000000, "effectOfExchangeRate": -1327000000, "totalCashFromOperatingActivities": 239000000, "depreciation": 942000000, "otherCashflowsFromInvestingActivities": -124000000, "dividendsPaid": -1314000000, "changeToAccountReceivables": 1227000000, "otherCashflowsFromFinancingActivities": 5732000000, "changeToNetincome": 588000000, "capitalExpenditures": -652000000}, "2021-12-31": {"investments": -1362000000, "changeToLiabilities": -12071000000, "totalCashflowsFromInvestingActivities": -15306000000, "netBorrowings": 3757000000, "totalCashFromFinancingActivities": 19715000000, "changeToOperatingActivities": -2702000000, "netIncome": 3696000000, "changeInCash": 3862000000, "repurchaseOfStock": -2847000000, "effectOfExchangeRate": -896000000, "totalCashFromOperatingActivities": 349000000, "depreciation": 1237000000, "otherCashflowsFromInvestingActivities": -385000000, "dividendsPaid": -1314000000, "changeToAccountReceivables": 3466000000, "otherCashflowsFromFinancingActivities": 18844000000, "changeToNetincome": 480000000, "capitalExpenditures": -650000000}, "2021-09-30": {"investments": -8541000000, "changeToLiabilities": 9912000000, "totalCashflowsFromInvestingActivities": -15147000000, "netBorrowings": 8074000000, "totalCashFromFinancingActivities": 11783000000, "changeToOperatingActivities": -17109000000, "netIncome": 3707000000, "changeInCash": -2617000000, "repurchaseOfStock": -3628000000, "effectOfExchangeRate": -1381000000, "totalCashFromOperatingActivities": 2128000000, "depreciation": 1035000000, "otherCashflowsFromInvestingActivities": -216000000, "dividendsPaid": -1356000000, "changeToAccountReceivables": -332000000, "otherCashflowsFromFinancingActivities": 8693000000, "changeToNetincome": 557000000, "capitalExpenditures": -619000000}}}}, "SCHW": {"balance": {"annual": {"2021-12-31": {"intangibleAssets": 9379000000, "capitalSurplus": 26741000000, "totalLiab": 611009000000, "totalStockholderEquity": 46307000000, "deferredLongTermLiab": 344000000, "otherCurrentLiab": 443778000000, "totalAssets": 667270000000, "commonStock": 21000000, "otherCurrentAssets": 999000000, "retainedEarnings": 25992000000, "otherLiab": 2166000000, "goodWill": 11952000000, "treasuryStock": -6447000000, "otherAssets": 1522000000, "cash": 62975000000, "totalCurrentLiabilities": 589188000000, "otherStockholderEquity": -1109000000, "propertyPlantEquipment": 4284000000, "totalCurrentAssets": 250017000000, "longTermInvestments": 390116000000, "netTangibleAssets": 24976000000, "shortTermInvestments": 56115000000, "netReceivables": 129928000000, "longTermDebt": 18914000000, "accountsPayable": 125671000000}, "2020-12-31": {"intangibleAssets": 9991000000, "capitalSurplus": 26515000000, "totalLiab": 492949000000, "totalStockholderEquity": 48327000000, "deferredLongTermLiab": 303000000, "otherCurrentLiab": 358022000000, "totalAssets": 549009000000, "commonStock": 21000000, "otherCurrentAssets": 300000000, "retainedEarnings": 21975000000, "otherLiab": 4008000000, "goodWill": 11952000000, "treasuryStock": -184000000, "otherAssets": 980000000, "cash": 40348000000, "totalCurrentLiabilities": 474276000000, "otherStockholderEquity": 5394000000, "propertyPlantEquipment": 3820000000, "totalCurrentAssets": 184367000000, "longTermInvestments": 337899000000, "netTangibleAssets": 26384000000, "shortTermInvestments": 51959000000, "netReceivables": 91760000000, "longTermDebt": 13632000000, "accountsPayable": 104201000000}, "2019-12-31": {"intangibleAssets": 128000000, "capitalSurplus": 4656000000, "totalLiab": 272260000000, "totalStockholderEquity": 18952000000, "deferredLongTermLiab": 281000000, "otherCurrentLiab": 220094000000, "totalAssets": 294005000000, "commonStock": 15000000, "otherCurrentAssets": 1204000000, "retainedEarnings": 19960000000, "otherLiab": 468000000, "goodWill": 1227000000, "treasuryStock": -5679000000, "otherAssets": 580000000, "cash": 29345000000, "totalCurrentLiabilities": 263712000000, "otherStockholderEquity": 88000000, "propertyPlantEquipment": 2705000000, "totalCurrentAssets": 93843000000, "longTermInvestments": 195522000000, "netTangibleAssets": 17597000000, "shortTermInvestments": 21936000000, "netReceivables": 41358000000, "longTermDebt": 7430000000, "accountsPayable": 39220000000}, "2018-12-31": {"intangibleAssets": 152000000, "capitalSurplus": 4499000000, "totalLiab": 275812000000, "totalStockholderEquity": 17877000000, "deferredLongTermLiab": 250000000, "otherCurrentLiab": 231423000000, "totalAssets": 296482000000, "commonStock": 15000000, "otherCurrentAssets": 3885000000, "retainedEarnings": 17329000000, "otherLiab": 189000000, "goodWill": 1227000000, "treasuryStock": -3966000000, "otherAssets": 470000000, "cash": 27938000000, "totalCurrentLiabilities": 268745000000, "otherStockholderEquity": -252000000, "propertyPlantEquipment": 1769000000, "totalCurrentAssets": 85734000000, "longTermInvestments": 207130000000, "netTangibleAssets": 16498000000, "shortTermInvestments": 14203000000, "netReceivables": 39708000000, "longTermDebt": 6826000000, "accountsPayable": 32726000000}}, "quarterly": {"2022-06-30": {"intangibleAssets": 9075000000, "capitalSurplus": 26918000000, "totalLiab": 593044000000, "totalStockholderEquity": 33819000000, "otherCurrentLiab": 442003000000, "totalAssets": 637557000000, "commonStock": 21000000, "otherCurrentAssets": 2379000000, "retainedEarnings": 28174000000, "otherLiab": 592000000, "goodWill": 11951000000, "treasuryStock": -21294000000, "otherAssets": 9187000000, "cash": 64550000000, "totalCurrentLiabilities": 571340000000, "otherStockholderEquity": -16022000000, "propertyPlantEquipment": 3670000000, "totalCurrentAssets": 238345000000, "longTermInvestments": 365329000000, "netTangibleAssets": 12793000000, "shortTermInvestments": 54344000000, "netReceivables": 117072000000, "longTermDebt": 21028000000, "accountsPayable": 114880000000}, "2022-03-31": {"intangibleAssets": 9227000000, "capitalSurplus": 26826000000, "totalLiab": 632852000000, "totalStockholderEquity": 46307000000, "otherCurrentLiab": 465827000000, "totalAssets": 680950000000, "commonStock": 21000000, "otherCurrentAssets": 1296000000, "retainedEarnings": 26895000000, "otherLiab": 556000000, "goodWill": 11952000000, "treasuryStock": -16338000000, "otherAssets": 7677000000, "cash": 91126000000, "totalCurrentLiabilities": 610423000000, "otherStockholderEquity": -11045000000, "propertyPlantEquipment": 3499000000, "totalCurrentAssets": 270104000000, "longTermInvestments": 378491000000, "netTangibleAssets": 24976000000, "shortTermInvestments": 55015000000, "netReceivables": 122667000000, "longTermDebt": 21782000000, "accountsPayable": 125307000000}, "2021-12-31": {"intangibleAssets": 9379000000, "capitalSurplus": 26741000000, "totalLiab": 611009000000, "totalStockholderEquity": 46307000000, "deferredLongTermLiab": 344000000, "otherCurrentLiab": 443778000000, "totalAssets": 667270000000, "commonStock": 21000000, "otherCurrentAssets": 999000000, "retainedEarnings": 25992000000, "otherLiab": 2166000000, "goodWill": 11952000000, "treasuryStock": -6447000000, "otherAssets": 1522000000, "cash": 62975000000, "totalCurrentLiabilities": 589188000000, "otherStockholderEquity": -1109000000, "propertyPlantEquipment": 4284000000, "totalCurrentAssets": 250017000000, "longTermInvestments": 390116000000, "netTangibleAssets": 24976000000, "shortTermInvestments": 56115000000, "netReceivables": 129928000000, "longTermDebt": 18914000000, "accountsPayable": 125671000000}, "2021-09-30": {"intangibleAssets": 9532000000, "capitalSurplus": 26755000000, "totalLiab": 550106000000, "totalStockholderEquity": 47488000000, "otherCurrentLiab": 395275000000, "totalAssets": 607548000000, "commonStock": 21000000, "otherCurrentAssets": 999000000, "retainedEarnings": 24880000000, "otherLiab": 555000000, "goodWill": 11952000000, "treasuryStock": -4168000000, "otherAssets": 7930000000, "cash": 34323000000, "totalCurrentLiabilities": 530021000000, "otherStockholderEquity": 1253000000, "propertyPlantEquipment": 3164000000, "totalCurrentAssets": 197996000000, "longTermInvestments": 376974000000, "netTangibleAssets": 26004000000, "shortTermInvestments": 43200000000, "netReceivables": 119474000000, "longTermDebt": 19530000000, "accountsPayable": 113052000000}}}, "income": {"annual": {"2021-12-31": {"researchDevelopment": null, "effectOfAccountingCharges": null, "incomeBeforeTax": 7713000000, "minorityInterest": null, "netIncome": 5855000000, "sellingGeneralAdministrative": 7726000000, "grossProfit": 17933000000, "ebit": 0, "operatingIncome": 8167000000, "otherOperatingExpenses": 876000000, "interestExpense": null, "extraordinaryItems": null, "nonRecurring": null, "otherItems": null, "incomeTaxExpense": 1858000000, "totalRevenue": 18520000000, "totalOperatingExpenses": 10353000000, "costOfRevenue": 587000000, "totalOtherIncomeExpenseNet": -454000000, "discontinuedOperations": null, "netIncomeFromContinuingOps": 5855000000, "netIncomeApplicableToCommonShares": 5360000000}, "2020-12-31": {"researchDevelopment": null, "effectOfAccountingCharges": null, "incomeBeforeTax": 4300000000, "minorityInterest": null, "netIncome": 3299000000, "sellingGeneralAdministrative": 5596000000, "grossProfit": 11338000000, "ebit": 0, "operatingIncome": 4723000000, "otherOperatingExpenses": 415000000, "interestExpense": null, "extraordinaryItems": null, "nonRecurring": null, "otherItems": null, "incomeTaxExpense": 1001000000, "totalRevenue": 11691000000, "totalOperatingExpenses": 6968000000, "costOfRevenue": 353000000, "totalOtherIncomeExpenseNet": -423000000, "discontinuedOperations": null, "netIncomeFromContinuingOps": 3299000000, "netIncomeApplicableToCommonShares": 3043000000}, "2019-12-31": {"researchDevelopment": null, "effectOfAccountingCharges": null, "incomeBeforeTax": 4848000000, "minorityInterest": null, "netIncome": 3704000000, "sellingGeneralAdministrative": 4984000000, "grossProfit": 10468000000, "ebit": 0, "operatingIncome": 4874000000, "otherOperatingExpenses": 261000000, "interestExpense": null, "extraordinaryItems": null, "nonRecurring": null, "otherItems": null, "incomeTaxExpense": 1144000000, "totalRevenue": 10721000000, "totalOperatingExpenses": 5847000000, "costOfRevenue": 253000000, "totalOtherIncomeExpenseNet": -26000000, "discontinuedOperations": null, "netIncomeFromContinuingOps": 3704000000, "netIncomeApplicableToCommonShares": 3526000000}, "2018-12-31": {"researchDevelopment": null, "effectOfAccountingCharges": null, "incomeBeforeTax": 4562000000, "minorityInterest": null, "netIncome": 3507000000, "sellingGeneralAdministrative": 4709000000, "grossProfit": 9890000000, "ebit": 0, "operatingIncome": 4562000000, "otherOperatingExpenses": 313000000, "interestExpense": null, "extraordinaryItems": null, "nonRecurring": null, "otherItems": null, "incomeTaxExpense": 1055000000, "totalRevenue": 10132000000, "totalOperatingExpenses": 5570000000, "costOfRevenue": 242000000, "totalOtherIncomeExpenseNet": 0, "discontinuedOperations": null, "netIncomeFromContinuingOps": 3507000000, "netIncomeApplicableToCommonShares": 3329000000}}, "quarterly": {"2022-06-30": {"researchDevelopment": null, "effectOfAccountingCharges": null, "incomeBeforeTax": 2274000000, "minorityInterest": null, "netIncome": 1793000000, "sellingGeneralAdministrative": 2058000000, "grossProfit": 4887000000, "ebit": 0, "operatingIncome": 2329000000, "otherOperatingExpenses": 187000000, "interestExpense": null, "extraordinaryItems": null, "nonRecurring": null, "otherItems": null, "incomeTaxExpense": 481000000, "totalRevenue": 5056000000, "totalOperatingExpenses": 2727000000, "costOfRevenue": 169000000, "totalOtherIncomeExpenseNet": -55000000, "discontinuedOperations": null, "netIncomeFromContinuingOps": 1793000000, "netIncomeApplicableToCommonShares": 1652000000}, "2022-03-31": {"researchDevelopment": null, "effectOfAccountingCharges": null, "incomeBeforeTax": 1839000000, "minorityInterest": null, "netIncome": 1402000000, "sellingGeneralAdministrative": 2138000000, "grossProfit": 4519000000, "ebit": 0, "operatingIncome": 1921000000, "otherOperatingExpenses": 156000000, "interestExpense": null, "extraordinaryItems": null, "nonRecurring": null, "otherItems": null, "incomeTaxExpense": 437000000, "totalRevenue": 4663000000, "totalOperatingExpenses": 2742000000, "costOfRevenue": 144000000, "totalOtherIncomeExpenseNet": -82000000, "discontinuedOperations": null, "netIncomeFromContinuingOps": 1402000000, "netIncomeApplicableToCommonShares": 1278000000}, "2021-12-31": {"researchDevelopment": null, "effectOfAccountingCharges": null, "incomeBeforeTax": 2023000000, "minorityInterest": null, "netIncome": 1580000000, "sellingGeneralAdministrative": 2015000000, "grossProfit": 4578000000, "ebit": 0, "operatingIncome": 2121000000, "otherOperatingExpenses": 143000000, "interestExpense": null, "extraordinaryItems": null, "nonRecurring": null, "otherItems": null, "incomeTaxExpense": 443000000, "totalRevenue": 4708000000, "totalOperatingExpenses": 2587000000, "costOfRevenue": 130000000, "totalOtherIncomeExpenseNet": -98000000, "discontinuedOperations": null, "netIncomeFromContinuingOps": 1580000000, "netIncomeApplicableToCommonShares": 1449000000}, "2021-09-30": {"researchDevelopment": null, "effectOfAccountingCharges": null, "incomeBeforeTax": 2011000000, "minorityInterest": null, "netIncome": 1526000000, "sellingGeneralAdministrative": 1882000000, "grossProfit": 4426000000, "ebit": 0, "operatingIncome": 2111000000, "otherOperatingExpenses": 140000000, "interestExpense": null, "extraordinaryItems": null, "nonRecurring": null, "otherItems": null, "incomeTaxExpense": 485000000, "totalRevenue": 4570000000, "totalOperatingExpenses": 2459000000, "costOfRevenue": 144000000, "totalOtherIncomeExpenseNet": -100000000, "discontinuedOperations": null, "netIncomeFromContinuingOps": 1526000000, "netIncomeApplicableToCommonShares": 1406000000}}}, "cash": {"annual": {"2021-12-31": {"investments": -63514000000, "changeToLiabilities": 21470000000, "totalCashflowsFromInvestingActivities": -75663000000, "netBorrowings": 10066000000, "totalCashFromFinancingActivities": 96323000000, "changeToOperatingActivities": -3228000000, "issuanceOfStock": 221000000, "netIncome": 5855000000, "changeInCash": 22778000000, "totalCashFromOperatingActivities": 2118000000, "depreciation": 1164000000, "otherCashflowsFromInvestingActivities": -388000000, "dividendsPaid": -1822000000, "changeToAccountReceivables": -26168000000, "otherCashflowsFromFinancingActivities": 85652000000, "changeToNetincome": 3025000000, "capitalExpenditures": -916000000}, "2020-12-31": {"investments": -134123000000, "changeToLiabilities": 22909000000, "totalCashflowsFromInvestingActivities": -125851000000, "netBorrowings": 2370000000, "totalCashFromFinancingActivities": 143982000000, "changeToOperatingActivities": -7352000000, "issuanceOfStock": 79000000, "netIncome": 3299000000, "changeInCash": 24983000000, "totalCashFromOperatingActivities": 6852000000, "depreciation": 604000000, "otherCashflowsFromInvestingActivities": -170000000, "dividendsPaid": -1280000000, "changeToAccountReceivables": -14609000000, "otherCashflowsFromFinancingActivities": 137873000000, "changeToNetincome": 2001000000, "capitalExpenditures": -631000000}, "2019-12-31": {"investments": 14461000000, "changeToLiabilities": 6494000000, "totalCashflowsFromInvestingActivities": 11964000000, "netBorrowings": 593000000, "totalCashFromFinancingActivities": -13939000000, "changeToOperatingActivities": -1927000000, "issuanceOfStock": 118000000, "netIncome": 3704000000, "changeInCash": 7350000000, "repurchaseOfStock": -2220000000, "totalCashFromOperatingActivities": 9325000000, "depreciation": 349000000, "otherCashflowsFromInvestingActivities": -59000000, "dividendsPaid": -1060000000, "changeToAccountReceivables": -125000000, "otherCashflowsFromFinancingActivities": -11370000000, "changeToNetincome": 830000000, "capitalExpenditures": -708000000}, "2018-12-31": {"investments": -40133000000, "changeToLiabilities": 1483000000, "totalCashflowsFromInvestingActivities": -40555000000, "netBorrowings": -12885000000, "totalCashFromFinancingActivities": 47166000000, "changeToOperatingActivities": 7527000000, "issuanceOfStock": 125000000, "netIncome": 3507000000, "changeInCash": 19067000000, "repurchaseOfStock": -1000000000, "totalCashFromOperatingActivities": 12456000000, "depreciation": 306000000, "otherCashflowsFromInvestingActivities": 277000000, "dividendsPaid": -787000000, "changeToAccountReceivables": -1100000000, "otherCashflowsFromFinancingActivities": 61713000000, "changeToNetincome": 733000000, "capitalExpenditures": -570000000}}, "quarterly": {"2022-06-30": {"investments": 4999000000, "changeToLiabilities": -10427000000, "totalCashflowsFromInvestingActivities": 2390000000, "netBorrowings": -3650000000, "totalCashFromFinancingActivities": -27979000000, "changeToOperatingActivities": -8070000000, "issuanceOfStock": 3000000, "netIncome": 1793000000, "changeInCash": -33532000000, "totalCashFromOperatingActivities": -7943000000, "depreciation": 313000000, "otherCashflowsFromInvestingActivities": -31000000, "dividendsPaid": -511000000, "changeToAccountReceivables": 7933000000, "otherCashflowsFromFinancingActivities": -23821000000, "changeToNetincome": 515000000, "capitalExpenditures": -241000000}, "2022-03-31": {"investments": -792000000, "changeToLiabilities": -364000000, "totalCashflowsFromInvestingActivities": -3642000000, "netBorrowings": 2348000000, "totalCashFromFinancingActivities": 24609000000, "changeToOperatingActivities": -5485000000, "issuanceOfStock": 30000000, "netIncome": 1402000000, "changeInCash": 24020000000, "totalCashFromOperatingActivities": 3053000000, "depreciation": 304000000, "otherCashflowsFromInvestingActivities": -61000000, "dividendsPaid": -509000000, "changeToAccountReceivables": 6487000000, "otherCashflowsFromFinancingActivities": 22000000000, "changeToNetincome": 709000000, "capitalExpenditures": -296000000}, "2021-12-31": {"investments": -18276000000, "changeToLiabilities": 12619000000, "totalCashflowsFromInvestingActivities": -21693000000, "netBorrowings": 1245000000, "totalCashFromFinancingActivities": 49291000000, "changeToOperatingActivities": -5683000000, "issuanceOfStock": 59000000, "netIncome": 1580000000, "changeInCash": 33237000000, "totalCashFromOperatingActivities": 5639000000, "depreciation": 299000000, "otherCashflowsFromInvestingActivities": -78000000, "dividendsPaid": -453000000, "changeToAccountReceivables": -4025000000, "otherCashflowsFromFinancingActivities": 48440000000, "changeToNetincome": 849000000, "capitalExpenditures": -313000000}, "2021-09-30": {"investments": -19997000000, "changeToLiabilities": 8040000000, "totalCashflowsFromInvestingActivities": -22951000000, "netBorrowings": 332000000, "totalCashFromFinancingActivities": 26507000000, "changeToOperatingActivities": -4412000000, "issuanceOfStock": 18000000, "netIncome": 1526000000, "changeInCash": 5371000000, "totalCashFromOperatingActivities": 1815000000, "depreciation": 293000000, "otherCashflowsFromInvestingActivities": -143000000, "dividendsPaid": -469000000, "changeToAccountReceivables": -4313000000, "otherCashflowsFromFinancingActivities": 26626000000, "changeToNetincome": 681000000, "capitalExpenditures": -178000000}}}}, "GS": {"balance": {"annual": {"2021-12-31": {"intangibleAssets": 418000000, "capitalSurplus": 56396000000, "totalLiab": 1353222000000, "totalStockholderEquity": 99223000000, "minorityInterest": 840000000, "otherCurrentLiab": 212433000000, "totalAssets": 1463988000000, "commonStock": 9000000, "otherCurrentAssets": 69228000000, "retainedEarnings": 131811000000, "otherLiab": 283625000000, "goodWill": 4285000000, "treasuryStock": -88993000000, "cash": 261036000000, "totalCurrentLiabilities": 804148000000, "shortLongTermDebt": 18118000000, "otherStockholderEquity": 2143000000, "propertyPlantEquipment": 20386000000, "totalCurrentAssets": 1349466000000, "longTermInvestments": 89433000000, "netTangibleAssets": 94520000000, "shortTermInvestments": 384474000000, "netReceivables": 327020000000, "longTermDebt": 263466000000, "accountsPayable": 251931000000}, "2020-12-31": {"intangibleAssets": 630000000, "capitalSurplus": 55679000000, "totalLiab": 1065456000000, "totalStockholderEquity": 84729000000, "minorityInterest": 1640000000, "otherCurrentLiab": 98291000000, "totalAssets": 1163028000000, "commonStock": 9000000, "otherCurrentAssets": 69468000000, "retainedEarnings": 112947000000, "otherLiab": 259962000000, "goodWill": 4332000000, "treasuryStock": -83906000000, "cash": 155842000000, "totalCurrentLiabilities": 577535000000, "shortLongTermDebt": 25914000000, "otherStockholderEquity": 2034000000, "propertyPlantEquipment": 25427000000, "totalCurrentAssets": 1043516000000, "longTermInvestments": 89123000000, "netTangibleAssets": 79767000000, "shortTermInvestments": 250220000000, "netReceivables": 243387000000, "longTermDebt": 226018000000, "accountsPayable": 190658000000}, "2019-12-31": {"intangibleAssets": 641000000, "capitalSurplus": 54883000000, "totalLiab": 900990000000, "totalStockholderEquity": 79062000000, "minorityInterest": 1713000000, "otherCurrentLiab": 67980000000, "totalAssets": 992968000000, "commonStock": 9000000, "otherCurrentAssets": 67075000000, "retainedEarnings": 106465000000, "otherLiab": 190019000000, "goodWill": 4196000000, "treasuryStock": -82295000000, "cash": 133546000000, "totalCurrentLiabilities": 489941000000, "shortLongTermDebt": 30636000000, "otherStockholderEquity": 1711000000, "propertyPlantEquipment": 24246000000, "totalCurrentAssets": 899342000000, "longTermInvestments": 64543000000, "netTangibleAssets": 74225000000, "shortTermInvestments": 221762000000, "netReceivables": 188232000000, "longTermDebt": 219029000000, "accountsPayable": 174817000000}, "2018-12-31": {"intangibleAssets": 324000000, "capitalSurplus": 54005000000, "totalLiab": 840043000000, "totalStockholderEquity": 78982000000, "minorityInterest": 1568000000, "otherCurrentLiab": 69167000000, "totalAssets": 931796000000, "commonStock": 9000000, "otherCurrentAssets": 48746000000, "retainedEarnings": 100100000000, "otherLiab": 158257000000, "goodWill": 3758000000, "treasuryStock": -75132000000, "cash": 130547000000, "totalCurrentLiabilities": 445759000000, "shortLongTermDebt": 27476000000, "otherStockholderEquity": 3538000000, "propertyPlantEquipment": 18317000000, "totalCurrentAssets": 861520000000, "longTermInvestments": 47877000000, "netTangibleAssets": 74900000000, "shortTermInvestments": 274543000000, "netReceivables": 174860000000, "longTermDebt": 236027000000, "accountsPayable": 180235000000}}, "quarterly": {"2022-06-30": {"intangibleAssets": 2014000000, "capitalSurplus": 58993000000, "totalLiab": 1482509000000, "totalStockholderEquity": 107168000000, "minorityInterest": 844000000, "otherCurrentLiab": 254508000000, "totalAssets": 1601224000000, "commonStock": 9000000, "otherCurrentAssets": 73301000000, "retainedEarnings": 136998000000, "otherLiab": 331554000000, "goodWill": 6196000000, "treasuryStock": -88832000000, "cash": 288606000000, "totalCurrentLiabilities": 889997000000, "shortLongTermDebt": 26292000000, "otherStockholderEquity": 3291000000, "propertyPlantEquipment": 20705000000, "totalCurrentAssets": 1456833000000, "longTermInvestments": 115476000000, "netTangibleAssets": 98958000000, "shortTermInvestments": 447684000000, "netReceivables": 348127000000, "longTermDebt": 258966000000, "accountsPayable": 279984000000}, "2022-03-31": {"totalLiab": 1474000000000, "totalStockholderEquity": 104297000000, "otherCurrentLiab": 233000000000, "totalAssets": 1589000000000, "commonStock": 104297000000, "otherCurrentAssets": 453000000000, "otherLiab": 405000000000, "otherAssets": 37000000000, "cash": 274000000000, "totalCurrentLiabilities": 584000000000, "totalCurrentAssets": 1460000000000, "longTermInvestments": 92000000000, "netTangibleAssets": 104297000000, "netReceivables": 341000000000, "longTermDebt": 485000000000, "accountsPayable": 293000000000}, "2021-12-31": {"intangibleAssets": 418000000, "capitalSurplus": 56396000000, "totalLiab": 1353222000000, "totalStockholderEquity": 99223000000, "minorityInterest": 840000000, "otherCurrentLiab": 212433000000, "totalAssets": 1463988000000, "commonStock": 9000000, "otherCurrentAssets": 69228000000, "retainedEarnings": 131811000000, "otherLiab": 283625000000, "goodWill": 4285000000, "treasuryStock": -88993000000, "cash": 261036000000, "totalCurrentLiabilities": 804148000000, "shortLongTermDebt": 18118000000, "otherStockholderEquity": 2143000000, "propertyPlantEquipment": 20386000000, "totalCurrentAssets": 1349466000000, "longTermInvestments": 89433000000, "netTangibleAssets": 94520000000, "shortTermInvestments": 384474000000, "netReceivables": 327020000000, "longTermDebt": 263466000000, "accountsPayable": 251931000000}, "2021-09-30": {"intangibleAssets": 497000000, "capitalSurplus": 56398000000, "totalLiab": 1335335000000, "totalStockholderEquity": 96344000000, "minorityInterest": 1598000000, "otherCurrentLiab": 177460000000, "totalAssets": 1443230000000, "commonStock": 9000000, "otherCurrentAssets": 70414000000, "retainedEarnings": 128631000000, "otherLiab": 309399000000, "goodWill": 4326000000, "treasuryStock": -88694000000, "cash": 211830000000, "totalCurrentLiabilities": 771359000000, "shortLongTermDebt": 20631000000, "otherStockholderEquity": 1940000000, "propertyPlantEquipment": 20459000000, "totalCurrentAssets": 1330559000000, "longTermInvestments": 87389000000, "netTangibleAssets": 91521000000, "shortTermInvestments": 399733000000, "netReceivables": 322338000000, "longTermDebt": 252365000000, "accountsPayable": 252120000000}}}, "income": {"annual": {"2021-12-31": {"researchDevelopment": null, "effectOfAccountingCharges": null, "incomeBeforeTax": 27044000000, "minorityInterest": 840000000, "netIncome": 21635000000, "sellingGeneralAdministrative": 20901000000, "grossProfit": 52699000000, "ebit": 0, "operatingIncome": 27578000000, "otherOperatingExpenses": 2205000000, "interestExpense": null, "extraordinaryItems": null, "nonRecurring": null, "otherItems": null, "incomeTaxExpense": 5409000000, "totalRevenue": 58982000000, "totalOperatingExpenses": 31404000000, "costOfRevenue": 6283000000, "totalOtherIncomeExpenseNet": -534000000, "discontinuedOperations": null, "netIncomeFromContinuingOps": 21635000000, "netIncomeApplicableToCommonShares": 21116000000}, "2020-12-31": {"researchDevelopment": null, "effectOfAccountingCharges": null, "incomeBeforeTax": 12479000000, "minorityInterest": 1640000000, "netIncome": 9459000000, "sellingGeneralAdministrative": 15976000000, "grossProfit": 35974000000, "ebit": 0, "operatingIncome": 15899000000, "otherOperatingExpenses": 2197000000, "interestExpense": null, "extraordinaryItems": null, "nonRecurring": null, "otherItems": null, "incomeTaxExpense": 3020000000, "totalRevenue": 41462000000, "totalOperatingExpenses": 25563000000, "costOfRevenue": 5488000000, "totalOtherIncomeExpenseNet": -3420000000, "discontinuedOperations": null, "netIncomeFromContinuingOps": 9459000000, "netIncomeApplicableToCommonShares": 8890000000}, "2019-12-31": {"researchDevelopment": null, "effectOfAccountingCharges": null, "incomeBeforeTax": 10583000000, "minorityInterest": 1713000000, "netIncome": 8466000000, "sellingGeneralAdministrative": 15437000000, "grossProfit": 30801000000, "ebit": 0, "operatingIncome": 11823000000, "otherOperatingExpenses": 1837000000, "interestExpense": null, "extraordinaryItems": null, "nonRecurring": null, "otherItems": null, "incomeTaxExpense": 2117000000, "totalRevenue": 35481000000, "totalOperatingExpenses": 23658000000, "costOfRevenue": 4680000000, "totalOtherIncomeExpenseNet": -1240000000, "discontinuedOperations": null, "netIncomeFromContinuingOps": 8466000000, "netIncomeApplicableToCommonShares": 7871000000}, "2018-12-31": {"researchDevelopment": null, "effectOfAccountingCharges": null, "incomeBeforeTax": 12481000000, "minorityInterest": 1568000000, "netIncome": 10459000000, "sellingGeneralAdministrative": 15091000000, "grossProfit": 31427000000, "ebit": 0, "operatingIncome": 13325000000, "otherOperatingExpenses": 1683000000, "interestExpense": null, "extraordinaryItems": null, "nonRecurring": null, "otherItems": null, "incomeTaxExpense": 2022000000, "totalRevenue": 35942000000, "totalOperatingExpenses": 22617000000, "costOfRevenue": 4515000000, "totalOtherIncomeExpenseNet": -844000000, "discontinuedOperations": null, "netIncomeFromContinuingOps": 10459000000, "netIncomeApplicableToCommonShares": 9841000000}}, "quarterly": {"2022-06-30": {"researchDevelopment": null, "effectOfAccountingCharges": null, "incomeBeforeTax": 3544000000, "minorityInterest": 844000000, "netIncome": 2927000000, "sellingGeneralAdministrative": 4679000000, "grossProfit": 9436000000, "ebit": 0, "operatingIncome": 3635000000, "otherOperatingExpenses": 552000000, "interestExpense": null, "extraordinaryItems": null, "nonRecurring": null, "otherItems": null, "incomeTaxExpense": 617000000, "totalRevenue": 11197000000, "totalOperatingExpenses": 7562000000, "costOfRevenue": 1761000000, "totalOtherIncomeExpenseNet": -91000000, "discontinuedOperations": null, "netIncomeFromContinuingOps": 2927000000, "netIncomeApplicableToCommonShares": 2772000000}, "2022-03-31": {"researchDevelopment": null, "effectOfAccountingCharges": null, "incomeBeforeTax": 4656000000, "minorityInterest": 844000000, "netIncome": 3939000000, "sellingGeneralAdministrative": 4933000000, "grossProfit": 10704000000, "ebit": 0, "operatingIncome": 4781000000, "otherOperatingExpenses": 498000000, "interestExpense": null, "extraordinaryItems": null, "nonRecurring": null, "otherItems": null, "incomeTaxExpense": 717000000, "totalRevenue": 12372000000, "totalOperatingExpenses": 7591000000, "costOfRevenue": 1668000000, "totalOtherIncomeExpenseNet": -125000000, "discontinuedOperations": null, "netIncomeFromContinuingOps": 3939000000, "netIncomeApplicableToCommonShares": 3820000000}, "2021-12-31": {"researchDevelopment": null, "effectOfAccountingCharges": null, "incomeBeforeTax": 5025000000, "minorityInterest": 840000000, "netIncome": 3935000000, "sellingGeneralAdministrative": 4204000000, "grossProfit": 10675000000, "ebit": 0, "operatingIncome": 5207000000, "otherOperatingExpenses": 776000000, "interestExpense": null, "extraordinaryItems": null, "nonRecurring": null, "otherItems": null, "incomeTaxExpense": 1090000000, "totalRevenue": 12295000000, "totalOperatingExpenses": 7088000000, "costOfRevenue": 1620000000, "totalOtherIncomeExpenseNet": -182000000, "discontinuedOperations": null, "netIncomeFromContinuingOps": 3935000000, "netIncomeApplicableToCommonShares": 3799000000}, "2021-09-30": {"researchDevelopment": null, "effectOfAccountingCharges": null, "incomeBeforeTax": 6842000000, "minorityInterest": 1598000000, "netIncome": 5378000000, "sellingGeneralAdministrative": 4004000000, "grossProfit": 11897000000, "ebit": 0, "operatingIncome": 6894000000, "otherOperatingExpenses": 490000000, "interestExpense": null, "extraordinaryItems": null, "nonRecurring": null, "otherItems": null, "incomeTaxExpense": 1464000000, "totalRevenue": 13433000000, "totalOperatingExpenses": 6539000000, "costOfRevenue": 1536000000, "totalOtherIncomeExpenseNet": -52000000, "discontinuedOperations": null, "netIncomeFromContinuingOps": 5378000000, "netIncomeApplicableToCommonShares": 5274000000}}}, "cash": {"annual": {"2021-12-31": {"investments": 5789000000, "changeToLiabilities": 0, "totalCashflowsFromInvestingActivities": -30465000000, "netBorrowings": 39131000000, "totalCashFromFinancingActivities": 134738000000, "changeToOperatingActivities": -62642000000, "netIncome": 21635000000, "changeInCash": 105194000000, "repurchaseOfStock": -6185000000, "totalCashFromOperatingActivities": 921000000, "depreciation": 2015000000, "dividendsPaid": -2725000000, "changeToAccountReceivables": 21971000000, "otherCashflowsFromFinancingActivities": 105020000000, "changeToNetincome": 2710000000, "capitalExpenditures": -4667000000}, "2020-12-31": {"investments": -19613000000, "changeToLiabilities": 0, "totalCashflowsFromInvestingActivities": -34356000000, "netBorrowings": 6703000000, "totalCashFromFinancingActivities": 70380000000, "changeToOperatingActivities": 35027000000, "netIncome": 9459000000, "changeInCash": 22296000000, "repurchaseOfStock": -2758000000, "totalCashFromOperatingActivities": -13728000000, "depreciation": 1902000000, "dividendsPaid": -2336000000, "changeToAccountReceivables": -30895000000, "otherCashflowsFromFinancingActivities": 68772000000, "changeToNetincome": 4184000000, "capitalExpenditures": -6309000000}, "2019-12-31": {"investments": -11961000000, "changeToLiabilities": 0, "totalCashflowsFromInvestingActivities": -24236000000, "netBorrowings": -24008000000, "totalCashFromFinancingActivities": 3367000000, "changeToOperatingActivities": 87344000000, "netIncome": 8466000000, "changeInCash": 2999000000, "repurchaseOfStock": -6080000000, "totalCashFromOperatingActivities": 23868000000, "depreciation": 1704000000, "dividendsPaid": -2104000000, "changeToAccountReceivables": -7693000000, "otherCashflowsFromFinancingActivities": 35561000000, "changeToNetincome": 2729000000, "capitalExpenditures": -8443000000}, "2018-12-31": {"investments": -1323000000, "changeToLiabilities": 0, "totalCashflowsFromInvestingActivities": -18820000000, "netBorrowings": 7086000000, "totalCashFromFinancingActivities": 22752000000, "changeToOperatingActivities": 22313000000, "issuanceOfStock": 38000000, "netIncome": 10459000000, "changeInCash": 20496000000, "repurchaseOfStock": -4412000000, "totalCashFromOperatingActivities": 16564000000, "depreciation": 1328000000, "dividendsPaid": -1810000000, "changeToAccountReceivables": 6416000000, "otherCashflowsFromFinancingActivities": 22500000000, "changeToNetincome": -300000000, "capitalExpenditures": -7982000000}}, "quarterly": {"2022-06-30": {"investments": -25127000000, "changeToLiabilities": 0, "totalCashflowsFromInvestingActivities": -38488000000, "netBorrowings": 7271000000, "totalCashFromFinancingActivities": 14456000000, "changeToOperatingActivities": 26063000000, "netIncome": 2927000000, "changeInCash": 14442000000, "repurchaseOfStock": -537000000, "totalCashFromOperatingActivities": 38474000000, "depreciation": 570000000, "changeToAccountReceivables": -1605000000, "otherCashflowsFromFinancingActivities": 7722000000, "changeToNetincome": 1050000000, "capitalExpenditures": -1051000000}, "2022-03-31": {"investments": -25127000000, "changeToLiabilities": 0, "totalCashflowsFromInvestingActivities": -38488000000, "netBorrowings": 7271000000, "totalCashFromFinancingActivities": 14456000000, "changeToOperatingActivities": 26063000000, "netIncome": 3939000000, "changeInCash": 14442000000, "repurchaseOfStock": -537000000, "totalCashFromOperatingActivities": 38474000000, "depreciation": 570000000, "changeToAccountReceivables": -1605000000, "otherCashflowsFromFinancingActivities": 7722000000, "changeToNetincome": 1050000000, "capitalExpenditures": -1051000000}, "2021-12-31": {"investments": -2340000000, "changeToLiabilities": 0, "totalCashflowsFromInvestingActivities": -13938000000, "netBorrowings": 9257000000, "totalCashFromFinancingActivities": 38247000000, "changeToOperatingActivities": -8090000000, "netIncome": 3935000000, "changeInCash": 49206000000, "repurchaseOfStock": -501000000, "totalCashFromOperatingActivities": 24897000000, "depreciation": 488000000, "dividendsPaid": -822000000, "changeToAccountReceivables": 10961000000, "otherCashflowsFromFinancingActivities": 29564000000, "changeToNetincome": 556000000, "capitalExpenditures": -1119000000}, "2021-09-30": {"investments": 4276000000, "changeToLiabilities": 0, "totalCashflowsFromInvestingActivities": -4819000000, "netBorrowings": -11771000000, "totalCashFromFinancingActivities": 15620000000, "changeToOperatingActivities": -30038000000, "netIncome": 5378000000, "changeInCash": -28459000000, "repurchaseOfStock": -1014000000, "totalCashFromOperatingActivities": -39260000000, "depreciation": 509000000, "dividendsPaid": -822000000, "changeToAccountReceivables": 3738000000, "otherCashflowsFromFinancingActivities": 27657000000, "changeToNetincome": 355000000, "capitalExpenditures": -883000000}}}}, "BLK": {"balance": {"annual": {"2021-12-31": {"intangibleAssets": 18453000000, "capitalSurplus": 19640000000, "totalLiab": 113755000000, "totalStockholderEquity": 37693000000, "minorityInterest": 1200000000, "otherCurrentLiab": 7271000000, "totalAssets": 152648000000, "commonStock": 2000000, "otherCurrentAssets": 7388000000, "retainedEarnings": 27688000000, "otherLiab": 92994000000, "goodWill": 15351000000, "treasuryStock": -9637000000, "otherAssets": 91546000000, "cash": 9072000000, "totalCurrentLiabilities": 12337000000, "deferredLongTermAssetCharges": 245000000, "shortLongTermDebt": 764000000, "otherStockholderEquity": -550000000, "propertyPlantEquipment": 2383000000, "totalCurrentAssets": 20629000000, "longTermInvestments": 4286000000, "netTangibleAssets": 3889000000, "netReceivables": 4169000000, "longTermDebt": 6696000000, "accountsPayable": 1207000000}, "2020-12-31": {"intangibleAssets": 18263000000, "capitalSurplus": 19293000000, "totalLiab": 139326000000, "totalStockholderEquity": 35283000000, "minorityInterest": 2373000000, "otherCurrentLiab": 16643000000, "totalAssets": 176982000000, "commonStock": 2000000, "otherCurrentAssets": 16692000000, "retainedEarnings": 24334000000, "otherLiab": 111218000000, "goodWill": 14551000000, "treasuryStock": -8346000000, "otherAssets": 110457000000, "cash": 8509000000, "totalCurrentLiabilities": 20089000000, "deferredLongTermAssetCharges": 304000000, "shortLongTermDebt": 50000000, "otherStockholderEquity": -337000000, "propertyPlantEquipment": 1330000000, "totalCurrentAssets": 29020000000, "longTermInvestments": 3361000000, "netTangibleAssets": 2469000000, "netReceivables": 3819000000, "longTermDebt": 7264000000, "accountsPayable": 897000000}, "2019-12-31": {"intangibleAssets": 18369000000, "capitalSurplus": 19186000000, "totalLiab": 133693000000, "totalStockholderEquity": 33547000000, "minorityInterest": 1382000000, "otherCurrentLiab": 15759000000, "totalAssets": 168622000000, "commonStock": 2000000, "otherCurrentAssets": 15614000000, "retainedEarnings": 21662000000, "otherLiab": 109272000000, "goodWill": 14562000000, "treasuryStock": -7303000000, "otherAssets": 107245000000, "cash": 4698000000, "totalCurrentLiabilities": 18690000000, "deferredLongTermAssetCharges": 175000000, "otherStockholderEquity": -571000000, "propertyPlantEquipment": 1384000000, "totalCurrentAssets": 23892000000, "longTermInvestments": 3170000000, "netTangibleAssets": 616000000, "netReceivables": 3580000000, "longTermDebt": 4955000000, "accountsPayable": 874000000}, "2018-12-31": {"intangibleAssets": 17839000000, "capitalSurplus": 19168000000, "totalLiab": 126033000000, "totalStockholderEquity": 32374000000, "minorityInterest": 1166000000, "otherCurrentLiab": 20996000000, "totalAssets": 159573000000, "commonStock": 2000000, "otherCurrentAssets": 20858000000, "retainedEarnings": 19282000000, "otherLiab": 97119000000, "goodWill": 13526000000, "treasuryStock": -6078000000, "otherAssets": 94635000000, "cash": 6302000000, "totalCurrentLiabilities": 23935000000, "deferredLongTermAssetCharges": 163000000, "otherStockholderEquity": -691000000, "propertyPlantEquipment": 643000000, "totalCurrentAssets": 30278000000, "longTermInvestments": 2652000000, "netTangibleAssets": 1009000000, "netReceivables": 3118000000, "longTermDebt": 4979000000, "accountsPayable": 951000000}}, "quarterly": {"2022-06-30": {"intangibleAssets": 18377000000, "capitalSurplus": 19469000000, "totalLiab": 87661000000, "totalStockholderEquity": 37089000000, "minorityInterest": 1216000000, "otherCurrentLiab": 7298000000, "totalAssets": 125966000000, "commonStock": 2000000, "otherCurrentAssets": 7603000000, "retainedEarnings": 28678000000, "otherLiab": 69176000000, "goodWill": 15346000000, "treasuryStock": -11060000000, "otherAssets": 68544000000, "cash": 6207000000, "totalCurrentLiabilities": 10035000000, "shortLongTermDebt": 5000000, "otherStockholderEquity": -1091000000, "propertyPlantEquipment": 2443000000, "totalCurrentAssets": 17281000000, "longTermInvestments": 3975000000, "netTangibleAssets": 3366000000, "netReceivables": 3471000000, "longTermDebt": 6635000000, "accountsPayable": 1324000000}, "2022-03-31": {"intangibleAssets": 18415000000, "capitalSurplus": 19302000000, "totalLiab": 104468000000, "totalStockholderEquity": 37693000000, "minorityInterest": 1370000000, "otherCurrentLiab": 7084000000, "totalAssets": 143327000000, "commonStock": 2000000, "otherCurrentAssets": 7451000000, "retainedEarnings": 28338000000, "otherLiab": 85535000000, "goodWill": 15349000000, "treasuryStock": -10153000000, "otherAssets": 84940000000, "cash": 6930000000, "totalCurrentLiabilities": 10411000000, "shortLongTermDebt": 772000000, "otherStockholderEquity": -675000000, "propertyPlantEquipment": 2434000000, "totalCurrentAssets": 18182000000, "longTermInvestments": 4007000000, "netTangibleAssets": 3889000000, "netReceivables": 3801000000, "longTermDebt": 6680000000, "accountsPayable": 1451000000}, "2021-12-31": {"intangibleAssets": 18453000000, "capitalSurplus": 19640000000, "totalLiab": 113755000000, "totalStockholderEquity": 37693000000, "minorityInterest": 1200000000, "otherCurrentLiab": 7271000000, "totalAssets": 152648000000, "commonStock": 2000000, "otherCurrentAssets": 7388000000, "retainedEarnings": 27688000000, "otherLiab": 92994000000, "goodWill": 15351000000, "treasuryStock": -9637000000, "otherAssets": 91546000000, "cash": 9072000000, "totalCurrentLiabilities": 12337000000, "deferredLongTermAssetCharges": 245000000, "shortLongTermDebt": 764000000, "otherStockholderEquity": -550000000, "propertyPlantEquipment": 2383000000, "totalCurrentAssets": 20629000000, "longTermInvestments": 4286000000, "netTangibleAssets": 3889000000, "netReceivables": 4169000000, "longTermDebt": 6696000000, "accountsPayable": 1207000000}, "2021-09-30": {"intangibleAssets": 18476000000, "capitalSurplus": 19462000000, "totalLiab": 131270000000, "totalStockholderEquity": 36817000000, "minorityInterest": 1549000000, "otherCurrentLiab": 14134000000, "totalAssets": 169636000000, "commonStock": 2000000, "otherCurrentAssets": 14350000000, "retainedEarnings": 26672000000, "otherLiab": 104970000000, "goodWill": 15360000000, "treasuryStock": -9319000000, "otherAssets": 103792000000, "cash": 7157000000, "totalCurrentLiabilities": 17880000000, "shortLongTermDebt": 1000000, "otherStockholderEquity": -526000000, "propertyPlantEquipment": 2501000000, "totalCurrentAssets": 25522000000, "longTermInvestments": 3985000000, "netTangibleAssets": 2981000000, "netReceivables": 4015000000, "longTermDebt": 6474000000, "accountsPayable": 1402000000}}}, "income": {"annual": {"2021-12-31": {"researchDevelopment": null, "effectOfAccountingCharges": null, "incomeBeforeTax": 8173000000, "minorityInterest": 1200000000, "netIncome": 5901000000, "sellingGeneralAdministrative": 2187000000, "grossProfit": 9818000000, "ebit": 7484000000, "operatingIncome": 7484000000, "otherOperatingExpenses": null, "interestExpense": -205000000, "extraordinaryItems": null, "nonRecurring": null, "otherItems": null, "incomeTaxExpense": 1968000000, "totalRevenue": 19374000000, "totalOperatingExpenses": 11890000000, "costOfRevenue": 9556000000, "totalOtherIncomeExpenseNet": 689000000, "discontinuedOperations": null, "netIncomeFromContinuingOps": 6205000000, "netIncomeApplicableToCommonShares": 5901000000}, "2020-12-31": {"researchDevelopment": null, "effectOfAccountingCharges": null, "incomeBeforeTax": 6524000000, "minorityInterest": 2373000000, "netIncome": 4932000000, "sellingGeneralAdministrative": 2442000000, "grossProfit": 8266000000, "ebit": 5718000000, "operatingIncome": 5718000000, "otherOperatingExpenses": null, "interestExpense": -205000000, "extraordinaryItems": null, "nonRecurring": null, "otherItems": null, "incomeTaxExpense": 1238000000, "totalRevenue": 16205000000, "totalOperatingExpenses": 10487000000, "costOfRevenue": 7939000000, "totalOtherIncomeExpenseNet": 806000000, "discontinuedOperations": null, "netIncomeFromContinuingOps": 5286000000, "netIncomeApplicableToCommonShares": 4932000000}, "2019-12-31": {"researchDevelopment": null, "effectOfAccountingCharges": null, "incomeBeforeTax": 5787000000, "minorityInterest": 1382000000, "netIncome": 4476000000, "sellingGeneralAdministrative": 1705000000, "grossProfit": 7406000000, "ebit": 5604000000, "operatingIncome": 5604000000, "otherOperatingExpenses": null, "interestExpense": -203000000, "extraordinaryItems": null, "nonRecurring": null, "otherItems": null, "incomeTaxExpense": 1261000000, "totalRevenue": 14539000000, "totalOperatingExpenses": 8935000000, "costOfRevenue": 7133000000, "totalOtherIncomeExpenseNet": 183000000, "discontinuedOperations": null, "netIncomeFromContinuingOps": 4526000000, "netIncomeApplicableToCommonShares": 4476000000}, "2018-12-31": {"researchDevelopment": null, "effectOfAccountingCharges": null, "incomeBeforeTax": 5378000000, "minorityInterest": 1166000000, "netIncome": 4305000000, "sellingGeneralAdministrative": 1573000000, "grossProfit": 7205000000, "ebit": 5582000000, "operatingIncome": 5582000000, "otherOperatingExpenses": null, "interestExpense": -184000000, "extraordinaryItems": null, "nonRecurring": null, "otherItems": null, "incomeTaxExpense": 1076000000, "totalRevenue": 14198000000, "totalOperatingExpenses": 8616000000, "costOfRevenue": 6993000000, "totalOtherIncomeExpenseNet": -204000000, "discontinuedOperations": null, "netIncomeFromContinuingOps": 4302000000, "netIncomeApplicableToCommonShares": 4305000000}}, "quarterly": {"2022-06-30": {"researchDevelopment": null, "effectOfAccountingCharges": null, "incomeBeforeTax": 1321000000, "minorityInterest": 1216000000, "netIncome": 1077000000, "sellingGeneralAdministrative": 530000000, "grossProfit": 2236000000, "ebit": 1668000000, "operatingIncome": 1668000000, "otherOperatingExpenses": null, "interestExpense": -54000000, "extraordinaryItems": null, "nonRecurring": null, "otherItems": null, "incomeTaxExpense": 358000000, "totalRevenue": 4526000000, "totalOperatingExpenses": 2858000000, "costOfRevenue": 2290000000, "totalOtherIncomeExpenseNet": -347000000, "discontinuedOperations": null, "netIncomeFromContinuingOps": 963000000, "netIncomeApplicableToCommonShares": 1077000000}, "2022-03-31": {"researchDevelopment": null, "effectOfAccountingCharges": null, "incomeBeforeTax": 1626000000, "minorityInterest": 1370000000, "netIncome": 1436000000, "sellingGeneralAdministrative": 495000000, "grossProfit": 2298000000, "ebit": 1765000000, "operatingIncome": 1765000000, "otherOperatingExpenses": null, "interestExpense": -54000000, "extraordinaryItems": null, "nonRecurring": null, "otherItems": null, "incomeTaxExpense": 263000000, "totalRevenue": 4699000000, "totalOperatingExpenses": 2934000000, "costOfRevenue": 2401000000, "totalOtherIncomeExpenseNet": -139000000, "discontinuedOperations": null, "netIncomeFromContinuingOps": 1363000000, "netIncomeApplicableToCommonShares": 1436000000}, "2021-12-31": {"researchDevelopment": null, "effectOfAccountingCharges": null, "incomeBeforeTax": 2110000000, "minorityInterest": 1200000000, "netIncome": 1643000000, "sellingGeneralAdministrative": 563000000, "grossProfit": 2641000000, "ebit": 2040000000, "operatingIncome": 2040000000, "otherOperatingExpenses": null, "interestExpense": -50000000, "extraordinaryItems": null, "nonRecurring": null, "otherItems": null, "incomeTaxExpense": 478000000, "totalRevenue": 5106000000, "totalOperatingExpenses": 3066000000, "costOfRevenue": 2465000000, "totalOtherIncomeExpenseNet": 70000000, "discontinuedOperations": null, "netIncomeFromContinuingOps": 1632000000, "netIncomeApplicableToCommonShares": 1643000000}, "2021-09-30": {"researchDevelopment": null, "effectOfAccountingCharges": null, "incomeBeforeTax": 2271000000, "minorityInterest": 1549000000, "netIncome": 1681000000, "sellingGeneralAdministrative": 582000000, "grossProfit": 2584000000, "ebit": 1964000000, "operatingIncome": 1964000000, "otherOperatingExpenses": null, "interestExpense": -48000000, "extraordinaryItems": null, "nonRecurring": null, "otherItems": null, "incomeTaxExpense": 518000000, "totalRevenue": 5050000000, "totalOperatingExpenses": 3086000000, "costOfRevenue": 2466000000, "totalOtherIncomeExpenseNet": 307000000, "discontinuedOperations": null, "netIncomeFromContinuingOps": 1753000000, "netIncomeApplicableToCommonShares": 1681000000}}}, "cash": {"annual": {"2021-12-31": {"investments": -490000000, "changeToLiabilities": 342000000, "totalCashflowsFromInvestingActivities": -1937000000, "netBorrowings": 273000000, "totalCashFromFinancingActivities": -2287000000, "changeToOperatingActivities": 315000000, "netIncome": 5901000000, "changeInCash": 659000000, "repurchaseOfStock": -1485000000, "effectOfExchangeRate": -61000000, "totalCashFromOperatingActivities": 4944000000, "depreciation": 415000000, "dividendsPaid": -2547000000, "changeToAccountReceivables": -322000000, "otherCashflowsFromFinancingActivities": 1472000000, "changeToNetincome": -2030000000, "capitalExpenditures": -341000000}, "2020-12-31": {"investments": -60000000, "changeToLiabilities": -115000000, "totalCashflowsFromInvestingActivities": -254000000, "netBorrowings": 2296000000, "totalCashFromFinancingActivities": 244000000, "changeToOperatingActivities": 437000000, "netIncome": 4932000000, "changeInCash": 3835000000, "repurchaseOfStock": -1809000000, "effectOfExchangeRate": 102000000, "totalCashFromOperatingActivities": 3743000000, "depreciation": 358000000, "dividendsPaid": -2260000000, "changeToAccountReceivables": -313000000, "otherCashflowsFromFinancingActivities": 2017000000, "changeToNetincome": -1716000000, "capitalExpenditures": -194000000}, "2019-12-31": {"investments": -250000000, "changeToLiabilities": -111000000, "totalCashflowsFromInvestingActivities": -2014000000, "netBorrowings": 103000000, "totalCashFromFinancingActivities": -2583000000, "changeToOperatingActivities": -43000000, "netIncome": 4476000000, "changeInCash": -1659000000, "repurchaseOfStock": -1911000000, "effectOfExchangeRate": 54000000, "totalCashFromOperatingActivities": 2884000000, "depreciation": 296000000, "dividendsPaid": -2096000000, "changeToAccountReceivables": -433000000, "otherCashflowsFromFinancingActivities": 1321000000, "changeToNetincome": -1280000000, "capitalExpenditures": -254000000}, "2018-12-31": {"investments": 95000000, "changeToLiabilities": 43000000, "totalCashflowsFromInvestingActivities": -808000000, "netBorrowings": 40000000, "totalCashFromFinancingActivities": -2765000000, "changeToOperatingActivities": -173000000, "netIncome": 4305000000, "changeInCash": -591000000, "repurchaseOfStock": -2087000000, "effectOfExchangeRate": -93000000, "totalCashFromOperatingActivities": 3075000000, "depreciation": 220000000, "dividendsPaid": -1968000000, "changeToAccountReceivables": 4000000, "otherCashflowsFromFinancingActivities": 1250000000, "changeToNetincome": -1503000000, "capitalExpenditures": -204000000}}, "quarterly": {"2022-06-30": {"investments": -186000000, "changeToLiabilities": -166000000, "totalCashflowsFromInvestingActivities": -302000000, "netBorrowings": -750000000, "totalCashFromFinancingActivities": -1921000000, "changeToOperatingActivities": 155000000, "netIncome": 1077000000, "changeInCash": -781000000, "repurchaseOfStock": -507000000, "effectOfExchangeRate": -203000000, "totalCashFromOperatingActivities": 1645000000, "depreciation": 99000000, "dividendsPaid": -737000000, "changeToAccountReceivables": 243000000, "otherCashflowsFromFinancingActivities": 73000000, "changeToNetincome": 166000000, "capitalExpenditures": -116000000}, "2022-03-31": {"investments": -51000000, "changeToLiabilities": 48000000, "totalCashflowsFromInvestingActivities": -198000000, "netBorrowings": -750000000, "totalCashFromFinancingActivities": -1351000000, "changeToOperatingActivities": -2027000000, "netIncome": 1436000000, "changeInCash": -2061000000, "repurchaseOfStock": -936000000, "effectOfExchangeRate": -90000000, "totalCashFromOperatingActivities": -422000000, "depreciation": 100000000, "dividendsPaid": -786000000, "changeToAccountReceivables": -27000000, "otherCashflowsFromFinancingActivities": 371000000, "changeToNetincome": 4000000, "capitalExpenditures": -147000000}, "2021-12-31": {"investments": -223000000, "changeToLiabilities": -12000000, "totalCashflowsFromInvestingActivities": -358000000, "netBorrowings": 991000000, "totalCashFromFinancingActivities": 408000000, "changeToOperatingActivities": 1031000000, "netIncome": 1643000000, "changeInCash": 1962000000, "repurchaseOfStock": -303000000, "effectOfExchangeRate": -5000000, "totalCashFromOperatingActivities": 1917000000, "depreciation": 110000000, "dividendsPaid": -627000000, "changeToAccountReceivables": 205000000, "otherCashflowsFromFinancingActivities": 347000000, "changeToNetincome": -1270000000, "capitalExpenditures": -126000000}, "2021-09-30": {"investments": -107000000, "changeToLiabilities": 149000000, "totalCashflowsFromInvestingActivities": -144000000, "netBorrowings": 14000000, "totalCashFromFinancingActivities": -629000000, "changeToOperatingActivities": 575000000, "netIncome": 1681000000, "changeInCash": 945000000, "repurchaseOfStock": -309000000, "effectOfExchangeRate": -56000000, "totalCashFromOperatingActivities": 1774000000, "depreciation": 107000000, "dividendsPaid": -629000000, "changeToAccountReceivables": -263000000, "otherCashflowsFromFinancingActivities": 295000000, "changeToNetincome": -526000000, "capitalExpenditures": -37000000}}}}, "CME": {"balance": {"annual": {"2021-12-31": {"intangibleAssets": 20707300000, "capitalSurplus": 22190300000, "totalLiab": 169381000000, "totalStockholderEquity": 27399300000, "otherCurrentLiab": 159545000000, "totalAssets": 196780300000, "commonStock": 3600000, "otherCurrentAssets": 158377400000, "retainedEarnings": 5151900000, "otherLiab": 5761600000, "goodWill": 10528000000, "treasuryStock": 53500000, "otherAssets": 413400000, "cash": 2834900000, "totalCurrentLiabilities": 160398400000, "otherStockholderEquity": 53500000, "propertyPlantEquipment": 930800000, "totalCurrentAssets": 161761800000, "longTermInvestments": 2439000000, "netTangibleAssets": -3836000000, "shortTermInvestments": 115000000, "netReceivables": 434500000, "longTermDebt": 2695700000, "accountsPayable": 48800000}, "2020-12-31": {"intangibleAssets": 22040600000, "capitalSurplus": 21185500000, "totalLiab": 98308100000, "totalStockholderEquity": 26319900000, "minorityInterest": 31600000, "otherCurrentLiab": 88076400000, "totalAssets": 124659600000, "commonStock": 3600000, "otherCurrentAssets": 87088500000, "retainedEarnings": 4995900000, "otherLiab": 6090400000, "goodWill": 10798800000, "treasuryStock": 134900000, "otherAssets": 1478000000, "cash": 1633200000, "totalCurrentLiabilities": 88197900000, "otherStockholderEquity": 134900000, "propertyPlantEquipment": 1058300000, "totalCurrentAssets": 89283900000, "netTangibleAssets": -6519500000, "shortTermInvestments": 100900000, "netReceivables": 461300000, "longTermDebt": 3443800000, "accountsPayable": 69300000}, "2019-12-31": {"intangibleAssets": 22293000000, "capitalSurplus": 21113200000, "totalLiab": 49056000000, "totalStockholderEquity": 26128900000, "minorityInterest": 30400000, "otherCurrentLiab": 38410900000, "totalAssets": 75215300000, "commonStock": 3600000, "otherCurrentAssets": 37441400000, "retainedEarnings": 5008700000, "otherLiab": 6184000000, "goodWill": 10742500000, "treasuryStock": 3400000, "otherAssets": 1553400000, "cash": 1551400000, "totalCurrentLiabilities": 38522500000, "otherStockholderEquity": 3400000, "propertyPlantEquipment": 1058600000, "totalCurrentAssets": 39567800000, "netTangibleAssets": -6906600000, "shortTermInvestments": 83200000, "netReceivables": 491800000, "longTermDebt": 3743200000, "accountsPayable": 61900000}, "2018-12-31": {"intangibleAssets": 22675400000, "capitalSurplus": 21054300000, "totalLiab": 51510400000, "totalStockholderEquity": 25918500000, "minorityInterest": 46800000, "otherCurrentLiab": 40582400000, "totalAssets": 77475700000, "commonStock": 3600000, "otherCurrentAssets": 39886000000, "retainedEarnings": 4855300000, "otherLiab": 6411000000, "goodWill": 10805300000, "treasuryStock": 5300000, "otherAssets": 1659600000, "cash": 1374500000, "totalCurrentLiabilities": 41272600000, "otherStockholderEquity": 5300000, "propertyPlantEquipment": 448700000, "totalCurrentAssets": 41886700000, "longTermInvestments": 1031600000, "netTangibleAssets": -7562200000, "shortTermInvestments": 72900000, "netReceivables": 553300000, "longTermDebt": 3826800000, "accountsPayable": 116000000}}, "quarterly": {"2022-06-30": {"intangibleAssets": 20557400000, "capitalSurplus": 22232300000, "totalLiab": 148669600000, "totalStockholderEquity": 28001700000, "otherCurrentLiab": 138862600000, "totalAssets": 176671300000, "commonStock": 3600000, "otherCurrentAssets": 138894100000, "retainedEarnings": 5797500000, "otherLiab": 5752000000, "goodWill": 10484100000, "treasuryStock": -31700000, "otherAssets": 3291500000, "cash": 1879500000, "totalCurrentLiabilities": 139000100000, "otherStockholderEquity": -31700000, "propertyPlantEquipment": 887300000, "totalCurrentAssets": 141451000000, "netTangibleAssets": -3039800000, "shortTermInvestments": 95100000, "netReceivables": 582300000, "longTermDebt": 3436700000, "accountsPayable": 80900000}, "2022-03-31": {"intangibleAssets": 20638500000, "capitalSurplus": 22206300000, "totalLiab": 178180900000, "totalStockholderEquity": 27736800000, "otherCurrentLiab": 168377800000, "totalAssets": 205917700000, "commonStock": 27736800000, "otherCurrentAssets": 168240100000, "retainedEarnings": 5498900000, "otherLiab": 6285200000, "goodWill": 10515800000, "treasuryStock": 28000000, "otherAssets": 3265200000, "cash": 2045700000, "totalCurrentLiabilities": 168458600000, "otherStockholderEquity": 28000000, "propertyPlantEquipment": 493900000, "totalCurrentAssets": 171004300000, "netTangibleAssets": -3417500000, "shortTermInvestments": 109600000, "netReceivables": 608900000, "longTermDebt": 3437100000, "accountsPayable": 80800000}, "2021-12-31": {"intangibleAssets": 20707300000, "capitalSurplus": 22190300000, "totalLiab": 169381000000, "totalStockholderEquity": 27399300000, "otherCurrentLiab": 159545000000, "totalAssets": 196780300000, "commonStock": 3600000, "otherCurrentAssets": 158377400000, "retainedEarnings": 5151900000, "otherLiab": 5761600000, "goodWill": 10528000000, "treasuryStock": 53500000, "otherAssets": 413400000, "cash": 2834900000, "totalCurrentLiabilities": 160398400000, "otherStockholderEquity": 53500000, "propertyPlantEquipment": 930800000, "totalCurrentAssets": 161761800000, "longTermInvestments": 2439000000, "netTangibleAssets": -3836000000, "shortTermInvestments": 115000000, "netReceivables": 434500000, "longTermDebt": 2695700000, "accountsPayable": 48800000}, "2021-09-30": {"intangibleAssets": 20767900000, "capitalSurplus": 21203800000, "totalLiab": 159492200000, "totalStockholderEquity": 27282100000, "otherCurrentLiab": 149541200000, "totalAssets": 186774300000, "commonStock": 3600000, "otherCurrentAssets": 149554300000, "retainedEarnings": 6037400000, "otherLiab": 5839500000, "goodWill": 10529000000, "treasuryStock": 37300000, "otherAssets": 2922700000, "cash": 1459400000, "totalCurrentLiabilities": 150417100000, "otherStockholderEquity": 37300000, "propertyPlantEquipment": 960300000, "totalCurrentAssets": 151594400000, "netTangibleAssets": -4014800000, "shortTermInvestments": 110300000, "netReceivables": 470400000, "longTermDebt": 2695700000, "accountsPayable": 71000000}}}, "income": {"annual": {"2021-12-31": {"researchDevelopment": null, "effectOfAccountingCharges": null, "incomeBeforeTax": 3373600000, "minorityInterest": null, "netIncome": 2636400000, "sellingGeneralAdministrative": 1482100000, "grossProfit": 4679300000, "ebit": 2604500000, "operatingIncome": 2604500000, "otherOperatingExpenses": 207300000, "interestExpense": -166900000, "extraordinaryItems": null, "nonRecurring": null, "otherItems": null, "incomeTaxExpense": 736700000, "totalRevenue": 4679300000, "totalOperatingExpenses": 2074800000, "costOfRevenue": 0, "totalOtherIncomeExpenseNet": 769100000, "discontinuedOperations": null, "netIncomeFromContinuingOps": 2636900000, "netIncomeApplicableToCommonShares": 2617100000}, "2020-12-31": {"researchDevelopment": null, "effectOfAccountingCharges": null, "incomeBeforeTax": 2722100000, "minorityInterest": 31600000, "netIncome": 2105200000, "sellingGeneralAdministrative": 1558000000, "grossProfit": 4870300000, "ebit": 2673400000, "operatingIncome": 2673400000, "otherOperatingExpenses": 174500000, "interestExpense": -166200000, "extraordinaryItems": null, "nonRecurring": null, "otherItems": null, "incomeTaxExpense": 615700000, "totalRevenue": 4870300000, "totalOperatingExpenses": 2196900000, "costOfRevenue": 0, "totalOtherIncomeExpenseNet": 48700000, "discontinuedOperations": null, "netIncomeFromContinuingOps": 2106400000, "netIncomeApplicableToCommonShares": 2105200000}, "2019-12-31": {"researchDevelopment": null, "effectOfAccountingCharges": null, "incomeBeforeTax": 2689600000, "minorityInterest": 30400000, "netIncome": 2116500000, "sellingGeneralAdministrative": 1446500000, "grossProfit": 4868000000, "ebit": 2656100000, "operatingIncome": 2656100000, "otherOperatingExpenses": 292100000, "interestExpense": -178000000, "extraordinaryItems": null, "nonRecurring": null, "otherItems": null, "incomeTaxExpense": 573800000, "totalRevenue": 4868000000, "totalOperatingExpenses": 2211900000, "costOfRevenue": 0, "totalOtherIncomeExpenseNet": 33500000, "discontinuedOperations": null, "netIncomeFromContinuingOps": 2115800000, "netIncomeApplicableToCommonShares": 2116500000}, "2018-12-31": {"researchDevelopment": null, "effectOfAccountingCharges": null, "incomeBeforeTax": 2777800000, "minorityInterest": 46800000, "netIncome": 1962200000, "sellingGeneralAdministrative": 1126100000, "grossProfit": 4309400000, "ebit": 2681200000, "operatingIncome": 2681200000, "otherOperatingExpenses": 253400000, "interestExpense": -157700000, "extraordinaryItems": null, "nonRecurring": null, "otherItems": null, "incomeTaxExpense": 814100000, "totalRevenue": 4309400000, "totalOperatingExpenses": 1628200000, "costOfRevenue": 0, "totalOtherIncomeExpenseNet": 34300000, "discontinuedOperations": null, "netIncomeFromContinuingOps": 1963700000, "netIncomeApplicableToCommonShares": 1962200000}}, "quarterly": {"2022-06-30": {"researchDevelopment": null, "effectOfAccountingCharges": null, "incomeBeforeTax": 866700000, "minorityInterest": null, "netIncome": 662500000, "sellingGeneralAdministrative": 360500000, "grossProfit": 1234400000, "ebit": 749700000, "operatingIncome": 749700000, "otherOperatingExpenses": 34100000, "interestExpense": -39900000, "extraordinaryItems": null, "nonRecurring": null, "otherItems": null, "incomeTaxExpense": 204200000, "totalRevenue": 1234400000, "totalOperatingExpenses": 484700000, "costOfRevenue": 0, "totalOtherIncomeExpenseNet": 117000000, "discontinuedOperations": null, "netIncomeFromContinuingOps": 662500000, "netIncomeApplicableToCommonShares": 654100000}, "2022-03-31": {"researchDevelopment": null, "effectOfAccountingCharges": null, "incomeBeforeTax": 916300000, "minorityInterest": null, "netIncome": 711000000, "sellingGeneralAdministrative": 343800000, "grossProfit": 1346600000, "ebit": 859100000, "operatingIncome": 859100000, "otherOperatingExpenses": 51800000, "interestExpense": -42500000, "extraordinaryItems": null, "nonRecurring": null, "otherItems": null, "incomeTaxExpense": 205300000, "totalRevenue": 1346600000, "totalOperatingExpenses": 487500000, "costOfRevenue": 0, "totalOtherIncomeExpenseNet": 51000000, "discontinuedOperations": null, "netIncomeFromContinuingOps": 711000000, "netIncomeApplicableToCommonShares": 702000000}, "2021-12-31": {"researchDevelopment": null, "effectOfAccountingCharges": null, "incomeBeforeTax": 799300000, "minorityInterest": null, "netIncome": 625200000, "sellingGeneralAdministrative": 354800000, "grossProfit": 1144600000, "ebit": 591000000, "operatingIncome": 591000000, "otherOperatingExpenses": 104300000, "interestExpense": -41900000, "extraordinaryItems": null, "nonRecurring": null, "otherItems": null, "incomeTaxExpense": 174100000, "totalRevenue": 1144600000, "totalOperatingExpenses": 553600000, "costOfRevenue": 0, "totalOtherIncomeExpenseNet": 208300000, "discontinuedOperations": null, "netIncomeFromContinuingOps": 625200000, "netIncomeApplicableToCommonShares": 605900000}, "2021-09-30": {"researchDevelopment": null, "effectOfAccountingCharges": null, "incomeBeforeTax": 1095900000, "minorityInterest": null, "netIncome": 926500000, "sellingGeneralAdministrative": 366500000, "grossProfit": 1107100000, "ebit": 613700000, "operatingIncome": 613700000, "otherOperatingExpenses": 30700000, "interestExpense": -41800000, "extraordinaryItems": null, "nonRecurring": null, "otherItems": null, "incomeTaxExpense": 169600000, "totalRevenue": 1107100000, "totalOperatingExpenses": 493400000, "costOfRevenue": 0, "totalOtherIncomeExpenseNet": 482200000, "discontinuedOperations": null, "netIncomeFromContinuingOps": 926300000, "netIncomeApplicableToCommonShares": 926500000}}}, "cash": {"annual": {"2021-12-31": {"investments": 199200000, "changeToLiabilities": -18600000, "totalCashflowsFromInvestingActivities": 58400000, "netBorrowings": 71167800000, "totalCashFromFinancingActivities": 69908700000, "changeToOperatingActivities": 23000000, "netIncome": 2636400000, "changeInCash": 72369500000, "repurchaseOfStock": -31700000, "totalCashFromOperatingActivities": 2402400000, "depreciation": 385400000, "dividendsPaid": -2189300000, "changeToAccountReceivables": -45700000, "otherCashflowsFromFinancingActivities": -3100000, "changeToNetincome": -457600000, "capitalExpenditures": -127200000}, "2020-12-31": {"investments": 22000000, "changeToLiabilities": 7400000, "totalCashflowsFromInvestingActivities": -175500000, "netBorrowings": 49400200000, "totalCashFromFinancingActivities": 47246600000, "changeToOperatingActivities": 18900000, "netIncome": 2105200000, "changeInCash": 49786700000, "repurchaseOfStock": -41400000, "totalCashFromOperatingActivities": 2715600000, "depreciation": 464400000, "dividendsPaid": -2110000000, "changeToAccountReceivables": 28200000, "otherCashflowsFromFinancingActivities": -2200000, "changeToNetincome": 86800000, "capitalExpenditures": -197500000}, "2019-12-31": {"investments": 93000000, "changeToLiabilities": -54100000, "totalCashflowsFromInvestingActivities": -152600000, "netBorrowings": -3040200000, "totalCashFromFinancingActivities": -4719300000, "changeToOperatingActivities": -12700000, "netIncome": 2116500000, "changeInCash": -2199100000, "repurchaseOfStock": -36800000, "totalCashFromOperatingActivities": 2672800000, "depreciation": 473300000, "dividendsPaid": -1695900000, "changeToAccountReceivables": 60800000, "otherCashflowsFromFinancingActivities": 53600000, "changeToNetincome": 117600000, "capitalExpenditures": -245600000}, "2018-12-31": {"investments": 22500000, "changeToLiabilities": 32300000, "totalCashflowsFromInvestingActivities": -1889600000, "netBorrowings": 1119400000, "totalCashFromFinancingActivities": -1080000000, "changeToOperatingActivities": -112500000, "issuanceOfStock": 11500000, "netIncome": 1962200000, "changeInCash": -528800000, "repurchaseOfStock": -35000000, "totalCashFromOperatingActivities": 2440800000, "depreciation": 248700000, "dividendsPaid": -2149900000, "changeToAccountReceivables": -65500000, "otherCashflowsFromFinancingActivities": -14500000, "changeToNetincome": 180200000, "capitalExpenditures": -116700000}}, "quarterly": {"2022-06-30": {"investments": -399700000, "changeToLiabilities": 0, "totalCashflowsFromInvestingActivities": -417600000, "netBorrowings": -29308100000, "totalCashFromFinancingActivities": -29672700000, "changeToOperatingActivities": 58800000, "netIncome": 662500000, "changeInCash": -29472700000, "repurchaseOfStock": -1000000, "totalCashFromOperatingActivities": 617600000, "depreciation": 90100000, "changeToAccountReceivables": 26000000, "otherCashflowsFromFinancingActivities": -363600000, "changeToNetincome": -1700000, "capitalExpenditures": -17900000}, "2022-03-31": {"investments": 500000, "changeToLiabilities": 32000000, "totalCashflowsFromInvestingActivities": -22900000, "netBorrowings": 9773700000, "totalCashFromFinancingActivities": 8221600000, "changeToOperatingActivities": -59100000, "netIncome": 711000000, "changeInCash": 8997800000, "repurchaseOfStock": -4300000, "totalCashFromOperatingActivities": 799100000, "depreciation": 91900000, "dividendsPaid": -1543500000, "changeToAccountReceivables": -174000000, "otherCashflowsFromFinancingActivities": -4300000, "changeToNetincome": 31400000, "capitalExpenditures": -23400000}, "2021-12-31": {"investments": 56500000, "changeToLiabilities": -22200000, "totalCashflowsFromInvestingActivities": 67600000, "netBorrowings": 71167800000, "totalCashFromFinancingActivities": 71805100000, "changeToOperatingActivities": 29300000, "netIncome": 625200000, "changeInCash": 72541000000, "repurchaseOfStock": -500000, "totalCashFromOperatingActivities": 668300000, "depreciation": 94500000, "dividendsPaid": -1543500000, "changeToAccountReceivables": 36100000, "otherCashflowsFromFinancingActivities": -327200000, "changeToNetincome": -62400000, "capitalExpenditures": -27300000}, "2021-09-30": {"investments": 130000000, "changeToLiabilities": 24600000, "totalCashflowsFromInvestingActivities": 58800000, "netBorrowings": 71167800000, "totalCashFromFinancingActivities": -342100000, "changeToOperatingActivities": -22300000, "netIncome": 926500000, "changeInCash": 348300000, "repurchaseOfStock": -17700000, "totalCashFromOperatingActivities": 631600000, "depreciation": 96200000, "dividendsPaid": -322500000, "changeToAccountReceivables": 50700000, "otherCashflowsFromFinancingActivities": -1900000, "changeToNetincome": -439500000, "capitalExpenditures": -31700000}}}}, "ICE": {"balance": {"annual": {"2021-12-31": {"intangibleAssets": 14097000000, "capitalSurplus": 14069000000, "totalLiab": 170754000000, "totalStockholderEquity": 22709000000, "minorityInterest": 39000000, "otherCurrentLiab": 150978000000, "totalAssets": 193502000000, "commonStock": 6000000, "otherCurrentAssets": 152165000000, "retainedEarnings": 14350000000, "otherLiab": 4694000000, "goodWill": 21123000000, "treasuryStock": -5716000000, "otherAssets": 2644000000, "cash": 607000000, "totalCurrentLiabilities": 153411000000, "shortLongTermDebt": 499000000, "otherStockholderEquity": -196000000, "propertyPlantEquipment": 1338000000, "totalCurrentAssets": 154300000000, "netTangibleAssets": -12511000000, "netReceivables": 1208000000, "longTermDebt": 12397000000, "accountsPayable": 474000000}, "2020-12-31": {"intangibleAssets": 14737000000, "capitalSurplus": 13845000000, "totalLiab": 106573000000, "totalStockholderEquity": 19498000000, "minorityInterest": 129000000, "otherCurrentLiab": 84521000000, "totalAssets": 126200000000, "commonStock": 6000000, "otherCurrentAssets": 85083000000, "retainedEarnings": 11039000000, "otherLiab": 4128000000, "goodWill": 21291000000, "treasuryStock": -5392000000, "otherAssets": 1569000000, "cash": 583000000, "totalCurrentLiabilities": 87999000000, "otherStockholderEquity": -192000000, "propertyPlantEquipment": 1384000000, "totalCurrentAssets": 87219000000, "netTangibleAssets": -16530000000, "netReceivables": 1230000000, "longTermDebt": 14126000000, "accountsPayable": 639000000}, "2019-12-31": {"intangibleAssets": 10559000000, "capitalSurplus": 11742000000, "totalLiab": 77129000000, "totalStockholderEquity": 17255000000, "minorityInterest": 109000000, "otherCurrentLiab": 65385000000, "totalAssets": 94493000000, "commonStock": 6000000, "otherCurrentAssets": 65930000000, "retainedEarnings": 9629000000, "otherLiab": 2782000000, "goodWill": 13342000000, "treasuryStock": -4122000000, "otherAssets": 1378000000, "cash": 841000000, "totalCurrentLiabilities": 68816000000, "shortLongTermDebt": 1248000000, "otherStockholderEquity": -243000000, "propertyPlantEquipment": 1235000000, "totalCurrentAssets": 67979000000, "netTangibleAssets": -6646000000, "netReceivables": 988000000, "longTermDebt": 5250000000, "accountsPayable": 505000000}, "2018-12-31": {"intangibleAssets": 10760000000, "capitalSurplus": 11547000000, "totalLiab": 75489000000, "totalStockholderEquity": 17201000000, "minorityInterest": 101000000, "otherCurrentLiab": 64341000000, "totalAssets": 92791000000, "commonStock": 6000000, "otherCurrentAssets": 64773000000, "retainedEarnings": 8317000000, "otherLiab": 2891000000, "goodWill": 13085000000, "treasuryStock": -2669000000, "otherAssets": 1311000000, "cash": 724000000, "totalCurrentLiabilities": 66108000000, "otherStockholderEquity": -315000000, "propertyPlantEquipment": 943000000, "totalCurrentAssets": 66692000000, "netTangibleAssets": -6644000000, "netReceivables": 953000000, "longTermDebt": 6490000000, "accountsPayable": 521000000}}, "quarterly": {"2022-06-30": {"intangibleAssets": 13397000000, "capitalSurplus": 14201000000, "totalLiab": 192346000000, "totalStockholderEquity": 22814000000, "minorityInterest": 47000000, "otherCurrentLiab": 168479000000, "totalAssets": 215207000000, "commonStock": 6000000, "otherCurrentAssets": 173717000000, "retainedEarnings": 15135000000, "otherLiab": 4548000000, "goodWill": 21106000000, "treasuryStock": -6528000000, "otherAssets": 2626000000, "cash": 830000000, "totalCurrentLiabilities": 169422000000, "otherStockholderEquity": -305000000, "propertyPlantEquipment": 1703000000, "totalCurrentAssets": 176375000000, "netTangibleAssets": -11689000000, "netReceivables": 1371000000, "longTermDebt": 18109000000, "accountsPayable": 719000000}, "2022-03-31": {"intangibleAssets": 13576000000, "capitalSurplus": 14153000000, "totalLiab": 185785000000, "totalStockholderEquity": 22667000000, "minorityInterest": 36000000, "otherCurrentLiab": 165821000000, "totalAssets": 208488000000, "commonStock": 6000000, "otherCurrentAssets": 166024000000, "retainedEarnings": 14793000000, "otherLiab": 4617000000, "goodWill": 21141000000, "treasuryStock": -6285000000, "otherAssets": 2660000000, "cash": 638000000, "totalCurrentLiabilities": 168479000000, "shortLongTermDebt": 500000000, "otherStockholderEquity": -221000000, "propertyPlantEquipment": 1733000000, "totalCurrentAssets": 169378000000, "netTangibleAssets": -12050000000, "netReceivables": 1696000000, "longTermDebt": 12401000000, "accountsPayable": 733000000}, "2021-12-31": {"intangibleAssets": 14097000000, "capitalSurplus": 14069000000, "totalLiab": 170754000000, "totalStockholderEquity": 22709000000, "minorityInterest": 39000000, "otherCurrentLiab": 150978000000, "totalAssets": 193502000000, "commonStock": 6000000, "otherCurrentAssets": 152165000000, "retainedEarnings": 14350000000, "otherLiab": 4694000000, "goodWill": 21123000000, "treasuryStock": -5716000000, "otherAssets": 2644000000, "cash": 607000000, "totalCurrentLiabilities": 153411000000, "shortLongTermDebt": 499000000, "otherStockholderEquity": -196000000, "propertyPlantEquipment": 1338000000, "totalCurrentAssets": 154300000000, "netTangibleAssets": -12511000000, "netReceivables": 1208000000, "longTermDebt": 12397000000, "accountsPayable": 474000000}, "2021-09-30": {"intangibleAssets": 13928000000, "capitalSurplus": 14019000000, "totalLiab": 128983000000, "totalStockholderEquity": 21559000000, "minorityInterest": 120000000, "otherCurrentLiab": 109230000000, "totalAssets": 150662000000, "commonStock": 6000000, "otherCurrentAssets": 110444000000, "retainedEarnings": 13009000000, "otherLiab": 4283000000, "goodWill": 21309000000, "treasuryStock": -5475000000, "otherAssets": 982000000, "cash": 618000000, "totalCurrentLiabilities": 112032000000, "shortLongTermDebt": 499000000, "otherStockholderEquity": -206000000, "propertyPlantEquipment": 1723000000, "totalCurrentAssets": 112720000000, "netTangibleAssets": -13678000000, "netReceivables": 1327000000, "longTermDebt": 12394000000, "accountsPayable": 696000000}}}, "income": {"annual": {"2021-12-31": {"researchDevelopment": null, "effectOfAccountingCharges": null, "incomeBeforeTax": 5698000000, "minorityInterest": 39000000, "netIncome": 4058000000, "sellingGeneralAdministrative": 2589000000, "grossProfit": 7146000000, "ebit": 3548000000, "operatingIncome": 3548000000, "otherOperatingExpenses": null, "interestExpense": -423000000, "extraordinaryItems": null, "nonRecurring": null, "otherItems": null, "incomeTaxExpense": 1629000000, "totalRevenue": 7146000000, "totalOperatingExpenses": 3598000000, "costOfRevenue": 0, "totalOtherIncomeExpenseNet": 2150000000, "discontinuedOperations": null, "netIncomeFromContinuingOps": 4069000000, "netIncomeApplicableToCommonShares": 4058000000}, "2020-12-31": {"researchDevelopment": null, "effectOfAccountingCharges": null, "incomeBeforeTax": 2766000000, "minorityInterest": 129000000, "netIncome": 2089000000, "sellingGeneralAdministrative": 2153000000, "grossProfit": 6036000000, "ebit": 3143000000, "operatingIncome": 3143000000, "otherOperatingExpenses": null, "interestExpense": -357000000, "extraordinaryItems": null, "nonRecurring": null, "otherItems": null, "incomeTaxExpense": 658000000, "totalRevenue": 6036000000, "totalOperatingExpenses": 2893000000, "costOfRevenue": 0, "totalOtherIncomeExpenseNet": -377000000, "discontinuedOperations": null, "netIncomeFromContinuingOps": 2108000000, "netIncomeApplicableToCommonShares": 2089000000}, "2019-12-31": {"researchDevelopment": null, "effectOfAccountingCharges": null, "incomeBeforeTax": 2481000000, "minorityInterest": 109000000, "netIncome": 1933000000, "sellingGeneralAdministrative": 1865000000, "grossProfit": 5202000000, "ebit": 2675000000, "operatingIncome": 2675000000, "otherOperatingExpenses": null, "interestExpense": -285000000, "extraordinaryItems": null, "nonRecurring": null, "otherItems": null, "incomeTaxExpense": 521000000, "totalRevenue": 5202000000, "totalOperatingExpenses": 2527000000, "costOfRevenue": 0, "totalOtherIncomeExpenseNet": -194000000, "discontinuedOperations": null, "netIncomeFromContinuingOps": 1960000000, "netIncomeApplicableToCommonShares": 1933000000}, "2018-12-31": {"researchDevelopment": null, "effectOfAccountingCharges": null, "incomeBeforeTax": 2520000000, "minorityInterest": 101000000, "netIncome": 1988000000, "sellingGeneralAdministrative": 1780000000, "grossProfit": 4979000000, "ebit": 2613000000, "operatingIncome": 2613000000, "otherOperatingExpenses": null, "interestExpense": -244000000, "extraordinaryItems": null, "nonRecurring": null, "otherItems": null, "incomeTaxExpense": 500000000, "totalRevenue": 4979000000, "totalOperatingExpenses": 2366000000, "costOfRevenue": 0, "totalOtherIncomeExpenseNet": -93000000, "discontinuedOperations": null, "netIncomeFromContinuingOps": 2020000000, "netIncomeApplicableToCommonShares": 1988000000}}, "quarterly": {"2022-06-30": {"researchDevelopment": null, "effectOfAccountingCharges": null, "incomeBeforeTax": 739000000, "minorityInterest": 47000000, "netIncome": 555000000, "sellingGeneralAdministrative": 636000000, "grossProfit": 1814000000, "ebit": 922000000, "operatingIncome": 922000000, "otherOperatingExpenses": null, "interestExpense": -161000000, "extraordinaryItems": null, "nonRecurring": null, "otherItems": null, "incomeTaxExpense": 173000000, "totalRevenue": 1814000000, "totalOperatingExpenses": 892000000, "costOfRevenue": 0, "totalOtherIncomeExpenseNet": -183000000, "discontinuedOperations": null, "netIncomeFromContinuingOps": 566000000, "netIncomeApplicableToCommonShares": 555000000}, "2022-03-31": {"researchDevelopment": null, "effectOfAccountingCharges": null, "incomeBeforeTax": 832000000, "minorityInterest": 36000000, "netIncome": 657000000, "sellingGeneralAdministrative": 644000000, "grossProfit": 1899000000, "ebit": 1001000000, "operatingIncome": 1001000000, "otherOperatingExpenses": null, "interestExpense": -103000000, "extraordinaryItems": null, "nonRecurring": null, "otherItems": null, "incomeTaxExpense": 165000000, "totalRevenue": 1899000000, "totalOperatingExpenses": 898000000, "costOfRevenue": 0, "totalOtherIncomeExpenseNet": -169000000, "discontinuedOperations": null, "netIncomeFromContinuingOps": 667000000, "netIncomeApplicableToCommonShares": 657000000}, "2021-12-31": {"researchDevelopment": null, "effectOfAccountingCharges": null, "incomeBeforeTax": 2109000000, "minorityInterest": 39000000, "netIncome": 1527000000, "sellingGeneralAdministrative": 653000000, "grossProfit": 1840000000, "ebit": 937000000, "operatingIncome": 937000000, "otherOperatingExpenses": null, "interestExpense": -102000000, "extraordinaryItems": null, "nonRecurring": null, "otherItems": null, "incomeTaxExpense": 580000000, "totalRevenue": 1840000000, "totalOperatingExpenses": 903000000, "costOfRevenue": 0, "totalOtherIncomeExpenseNet": 1172000000, "discontinuedOperations": null, "netIncomeFromContinuingOps": 1529000000, "netIncomeApplicableToCommonShares": 1527000000}, "2021-09-30": {"researchDevelopment": null, "effectOfAccountingCharges": null, "incomeBeforeTax": 824000000, "minorityInterest": 120000000, "netIncome": 633000000, "sellingGeneralAdministrative": 657000000, "grossProfit": 1802000000, "ebit": 892000000, "operatingIncome": 892000000, "otherOperatingExpenses": null, "interestExpense": -108000000, "extraordinaryItems": null, "nonRecurring": null, "otherItems": null, "incomeTaxExpense": 187000000, "totalRevenue": 1802000000, "totalOperatingExpenses": 910000000, "costOfRevenue": 0, "totalOtherIncomeExpenseNet": -68000000, "discontinuedOperations": null, "netIncomeFromContinuingOps": 637000000, "netIncomeApplicableToCommonShares": 633000000}}}, "cash": {"annual": {"2021-12-31": {"investments": 1121000000, "changeToLiabilities": 34000000, "totalCashflowsFromInvestingActivities": -786000000, "netBorrowings": -2639000000, "totalCashFromFinancingActivities": 62026000000, "changeToOperatingActivities": -116000000, "netIncome": 4058000000, "changeInCash": 64357000000, "repurchaseOfStock": -320000000, "effectOfExchangeRate": -6000000, "totalCashFromOperatingActivities": 3123000000, "depreciation": 796000000, "otherCashflowsFromInvestingActivities": -1389000000, "dividendsPaid": -747000000, "changeToAccountReceivables": -5000000, "otherCashflowsFromFinancingActivities": 65732000000, "changeToNetincome": -1857000000, "capitalExpenditures": -179000000}, "2020-12-31": {"investments": 4000000, "changeToLiabilities": 2000000, "totalCashflowsFromInvestingActivities": -10361000000, "netBorrowings": 8696000000, "totalCashFromFinancingActivities": 26000000000, "changeToOperatingActivities": 18000000, "netIncome": 2089000000, "changeInCash": 18528000000, "repurchaseOfStock": -1321000000, "effectOfExchangeRate": 8000000, "totalCashFromOperatingActivities": 2881000000, "depreciation": 561000000, "otherCashflowsFromInvestingActivities": -509000000, "dividendsPaid": -669000000, "changeToAccountReceivables": -149000000, "otherCashflowsFromFinancingActivities": 19294000000, "changeToNetincome": 181000000, "capitalExpenditures": -207000000}, "2019-12-31": {"investments": 69000000, "changeToLiabilities": -18000000, "totalCashflowsFromInvestingActivities": -1740000000, "netBorrowings": 370000000, "totalCashFromFinancingActivities": -424000000, "changeToOperatingActivities": 19000000, "netIncome": 1933000000, "changeInCash": 499000000, "repurchaseOfStock": -1525000000, "effectOfExchangeRate": 4000000, "totalCashFromOperatingActivities": 2659000000, "depreciation": 456000000, "otherCashflowsFromInvestingActivities": -1152000000, "dividendsPaid": -621000000, "changeToAccountReceivables": -30000000, "otherCashflowsFromFinancingActivities": 1352000000, "changeToNetincome": 124000000, "capitalExpenditures": -153000000}, "2018-12-31": {"investments": -229000000, "changeToLiabilities": 1000000, "totalCashflowsFromInvestingActivities": -1755000000, "netBorrowings": 1330000000, "totalCashFromFinancingActivities": -463000000, "changeToOperatingActivities": -53000000, "netIncome": 1988000000, "changeInCash": 304000000, "repurchaseOfStock": -1278000000, "effectOfExchangeRate": -11000000, "totalCashFromOperatingActivities": 2533000000, "depreciation": 422000000, "otherCashflowsFromInvestingActivities": -1152000000, "dividendsPaid": -555000000, "changeToAccountReceivables": -44000000, "otherCashflowsFromFinancingActivities": 40000000, "changeToNetincome": 59000000, "capitalExpenditures": -134000000}}, "quarterly": {"2022-06-30": {"investments": 698000000, "changeToLiabilities": -119000000, "totalCashflowsFromInvestingActivities": 1961000000, "netBorrowings": 3918000000, "totalCashFromFinancingActivities": 5560000000, "netIncome": 555000000, "changeInCash": 8472000000, "repurchaseOfStock": -159000000, "effectOfExchangeRate": -18000000, "totalCashFromOperatingActivities": 969000000, "depreciation": 256000000, "otherCashflowsFromInvestingActivities": 1400000000, "dividendsPaid": -213000000, "changeToAccountReceivables": 303000000, "otherCashflowsFromFinancingActivities": 2014000000, "changeToNetincome": -26000000, "capitalExpenditures": -34000000}, "2022-03-31": {"investments": 698000000, "changeToLiabilities": 411000000, "totalCashflowsFromInvestingActivities": 882000000, "netBorrowings": 256000000, "totalCashFromFinancingActivities": 13678000000, "changeToOperatingActivities": -99000000, "netIncome": 657000000, "changeInCash": 15315000000, "repurchaseOfStock": -544000000, "effectOfExchangeRate": -1000000, "totalCashFromOperatingActivities": 756000000, "depreciation": 254000000, "otherCashflowsFromInvestingActivities": 985000000, "dividendsPaid": -214000000, "changeToAccountReceivables": -480000000, "otherCashflowsFromFinancingActivities": 14180000000, "changeToNetincome": 13000000, "capitalExpenditures": -36000000}, "2021-12-31": {"investments": -93000000, "changeToLiabilities": -129000000, "totalCashflowsFromInvestingActivities": -1658000000, "netBorrowings": -310000000, "totalCashFromFinancingActivities": 64954000000, "changeToOperatingActivities": 86000000, "netIncome": 1527000000, "changeInCash": 64287000000, "repurchaseOfStock": -251000000, "effectOfExchangeRate": -2000000, "totalCashFromOperatingActivities": 993000000, "depreciation": 37000000, "otherCashflowsFromInvestingActivities": -1385000000, "dividendsPaid": -186000000, "changeToAccountReceivables": 104000000, "otherCashflowsFromFinancingActivities": 65701000000, "changeToNetincome": -845000000, "capitalExpenditures": -62000000}, "2021-09-30": {"investments": -93000000, "changeToLiabilities": -116000000, "totalCashflowsFromInvestingActivities": -94000000, "netBorrowings": -237000000, "totalCashFromFinancingActivities": -410000000, "changeToOperatingActivities": -205000000, "netIncome": 633000000, "changeInCash": 15000000, "repurchaseOfStock": -2000000, "effectOfExchangeRate": -4000000, "totalCashFromOperatingActivities": 523000000, "depreciation": 253000000, "otherCashflowsFromInvestingActivities": -2000000, "dividendsPaid": -187000000, "changeToAccountReceivables": -35000000, "otherCashflowsFromFinancingActivities": 16000000, "changeToNetincome": -7000000, "capitalExpenditures": -22000000}}}}, "NDAQ": {"balance": {"annual": {"2021-12-31": {"intangibleAssets": 2813000000, "capitalSurplus": 1952000000, "totalLiab": 13710000000, "totalStockholderEquity": 6395000000, "minorityInterest": 10000000, "otherCurrentLiab": 6318000000, "totalAssets": 20115000000, "commonStock": 2000000, "otherCurrentAssets": 6396000000, "retainedEarnings": 6465000000, "otherLiab": 640000000, "goodWill": 8433000000, "treasuryStock": -2024000000, "otherAssets": 141000000, "cash": 393000000, "totalCurrentLiabilities": 7872000000, "deferredLongTermAssetCharges": 2000000, "otherStockholderEquity": -1587000000, "propertyPlantEquipment": 875000000, "totalCurrentAssets": 7423000000, "longTermInvestments": 430000000, "netTangibleAssets": -4851000000, "netReceivables": 588000000, "longTermDebt": 4812000000, "accountsPayable": 185000000}, "2020-12-31": {"intangibleAssets": 2255000000, "capitalSurplus": 2547000000, "totalLiab": 11543000000, "totalStockholderEquity": 6433000000, "minorityInterest": 3000000, "otherCurrentLiab": 4252000000, "totalAssets": 17979000000, "commonStock": 2000000, "otherCurrentAssets": 4329000000, "retainedEarnings": 5628000000, "otherLiab": 689000000, "goodWill": 6850000000, "treasuryStock": -1744000000, "otherAssets": 82000000, "cash": 2745000000, "totalCurrentLiabilities": 4924000000, "deferredLongTermAssetCharges": 3000000, "otherStockholderEquity": -1368000000, "propertyPlantEquipment": 856000000, "totalCurrentAssets": 7660000000, "longTermInvestments": 276000000, "netTangibleAssets": -2672000000, "netReceivables": 566000000, "longTermDebt": 5541000000, "accountsPayable": 175000000}, "2019-12-31": {"intangibleAssets": 2249000000, "capitalSurplus": 2632000000, "totalLiab": 8285000000, "totalStockholderEquity": 5639000000, "otherCurrentLiab": 3307000000, "totalAssets": 13924000000, "commonStock": 2000000, "otherCurrentAssets": 3414000000, "retainedEarnings": 5027000000, "otherLiab": 731000000, "goodWill": 6366000000, "treasuryStock": -2022000000, "otherAssets": 84000000, "cash": 332000000, "totalCurrentLiabilities": 4227000000, "deferredLongTermAssetCharges": 1000000, "otherStockholderEquity": -1686000000, "propertyPlantEquipment": 730000000, "totalCurrentAssets": 4290000000, "longTermInvestments": 205000000, "netTangibleAssets": -2976000000, "netReceivables": 422000000, "longTermDebt": 2996000000, "accountsPayable": 148000000}, "2018-12-31": {"intangibleAssets": 2300000000, "capitalSurplus": 2716000000, "totalLiab": 10251000000, "totalStockholderEquity": 5449000000, "otherCurrentLiab": 5189000000, "totalAssets": 15700000000, "commonStock": 2000000, "otherCurrentAssets": 5339000000, "retainedEarnings": 4558000000, "otherLiab": 725000000, "goodWill": 6363000000, "treasuryStock": -1827000000, "otherAssets": 112000000, "cash": 545000000, "totalCurrentLiabilities": 6570000000, "deferredLongTermAssetCharges": 4000000, "otherStockholderEquity": -1530000000, "propertyPlantEquipment": 376000000, "totalCurrentAssets": 6370000000, "longTermInvestments": 179000000, "netTangibleAssets": -3214000000, "shortTermInvestments": 9000000, "netReceivables": 384000000, "longTermDebt": 2956000000, "accountsPayable": 198000000}}, "quarterly": {"2022-06-30": {"intangibleAssets": 2670000000, "capitalSurplus": 1385000000, "totalLiab": 16745000000, "totalStockholderEquity": 5842000000, "minorityInterest": 9000000, "otherCurrentLiab": 9284000000, "totalAssets": 22596000000, "commonStock": 2000000, "otherCurrentAssets": 9098000000, "retainedEarnings": 6869000000, "otherLiab": 708000000, "goodWill": 8151000000, "treasuryStock": -2414000000, "otherAssets": 141000000, "cash": 454000000, "totalCurrentLiabilities": 10871000000, "otherStockholderEquity": -1905000000, "propertyPlantEquipment": 976000000, "totalCurrentAssets": 10218000000, "longTermInvestments": 440000000, "netTangibleAssets": -4979000000, "netReceivables": 652000000, "longTermDebt": 4696000000, "accountsPayable": 175000000}, "2022-03-31": {"intangibleAssets": 2751000000, "capitalSurplus": 1510000000, "totalLiab": 14801000000, "totalStockholderEquity": 6013000000, "minorityInterest": 9000000, "otherCurrentLiab": 7346000000, "totalAssets": 20823000000, "commonStock": 2000000, "otherCurrentAssets": 6846000000, "retainedEarnings": 6660000000, "otherLiab": 672000000, "goodWill": 8338000000, "treasuryStock": -2159000000, "otherAssets": 575000000, "cash": 486000000, "totalCurrentLiabilities": 8851000000, "otherStockholderEquity": -1670000000, "propertyPlantEquipment": 981000000, "totalCurrentAssets": 8178000000, "longTermInvestments": 436000000, "netTangibleAssets": -5076000000, "shortTermInvestments": 225000000, "netReceivables": 621000000, "longTermDebt": 4800000000, "accountsPayable": 186000000}, "2021-12-31": {"intangibleAssets": 2813000000, "capitalSurplus": 1952000000, "totalLiab": 13710000000, "totalStockholderEquity": 6395000000, "minorityInterest": 10000000, "otherCurrentLiab": 6318000000, "totalAssets": 20115000000, "commonStock": 2000000, "otherCurrentAssets": 6396000000, "retainedEarnings": 6465000000, "otherLiab": 640000000, "goodWill": 8433000000, "treasuryStock": -2024000000, "otherAssets": 141000000, "cash": 393000000, "totalCurrentLiabilities": 7872000000, "deferredLongTermAssetCharges": 2000000, "otherStockholderEquity": -1587000000, "propertyPlantEquipment": 875000000, "totalCurrentAssets": 7423000000, "longTermInvestments": 430000000, "netTangibleAssets": -4851000000, "netReceivables": 588000000, "longTermDebt": 4812000000, "accountsPayable": 185000000}, "2021-09-30": {"intangibleAssets": 2885000000, "capitalSurplus": 1983000000, "totalLiab": 12042000000, "totalStockholderEquity": 6345000000, "minorityInterest": 10000000, "otherCurrentLiab": 4672000000, "totalAssets": 18397000000, "commonStock": 2000000, "otherCurrentAssets": 4622000000, "retainedEarnings": 6296000000, "otherLiab": 602000000, "goodWill": 8510000000, "treasuryStock": -1936000000, "otherAssets": 153000000, "cash": 303000000, "totalCurrentLiabilities": 5595000000, "otherStockholderEquity": -1511000000, "propertyPlantEquipment": 878000000, "totalCurrentAssets": 5496000000, "longTermInvestments": 475000000, "netTangibleAssets": -5050000000, "netReceivables": 552000000, "longTermDebt": 5447000000, "accountsPayable": 166000000}}}, "income": {"annual": {"2021-12-31": {"researchDevelopment": null, "effectOfAccountingCharges": null, "incomeBeforeTax": 1534000000, "minorityInterest": 10000000, "netIncome": 1187000000, "sellingGeneralAdministrative": 1519000000, "grossProfit": 3420000000, "ebit": 1623000000, "operatingIncome": 1623000000, "otherOperatingExpenses": null, "interestExpense": -125000000, "extraordinaryItems": null, "nonRecurring": null, "otherItems": null, "incomeTaxExpense": 347000000, "totalRevenue": 5886000000, "totalOperatingExpenses": 4263000000, "costOfRevenue": 2466000000, "totalOtherIncomeExpenseNet": -89000000, "discontinuedOperations": null, "netIncomeFromContinuingOps": 1187000000, "netIncomeApplicableToCommonShares": 1187000000}, "2020-12-31": {"researchDevelopment": null, "effectOfAccountingCharges": null, "incomeBeforeTax": 1212000000, "minorityInterest": 3000000, "netIncome": 933000000, "sellingGeneralAdministrative": 1356000000, "grossProfit": 2903000000, "ebit": 1345000000, "operatingIncome": 1345000000, "otherOperatingExpenses": null, "interestExpense": -101000000, "extraordinaryItems": null, "nonRecurring": null, "otherItems": null, "incomeTaxExpense": 279000000, "totalRevenue": 5625000000, "totalOperatingExpenses": 4280000000, "costOfRevenue": 2722000000, "totalOtherIncomeExpenseNet": -133000000, "discontinuedOperations": null, "netIncomeFromContinuingOps": 933000000, "netIncomeApplicableToCommonShares": 933000000}, "2019-12-31": {"researchDevelopment": null, "effectOfAccountingCharges": null, "incomeBeforeTax": 1019000000, "minorityInterest": 3000000, "netIncome": 774000000, "sellingGeneralAdministrative": 1208000000, "grossProfit": 2535000000, "ebit": 1137000000, "operatingIncome": 1137000000, "otherOperatingExpenses": null, "interestExpense": -124000000, "extraordinaryItems": null, "nonRecurring": null, "otherItems": null, "incomeTaxExpense": 245000000, "totalRevenue": 4258000000, "totalOperatingExpenses": 3121000000, "costOfRevenue": 1723000000, "totalOtherIncomeExpenseNet": -118000000, "discontinuedOperations": null, "netIncomeFromContinuingOps": 774000000, "netIncomeApplicableToCommonShares": 774000000}, "2018-12-31": {"researchDevelopment": null, "effectOfAccountingCharges": null, "incomeBeforeTax": 1064000000, "minorityInterest": 3000000, "netIncome": 458000000, "sellingGeneralAdministrative": 1235000000, "grossProfit": 2526000000, "ebit": 1081000000, "operatingIncome": 1081000000, "otherOperatingExpenses": null, "interestExpense": -150000000, "extraordinaryItems": null, "nonRecurring": null, "otherItems": null, "incomeTaxExpense": 606000000, "totalRevenue": 4277000000, "totalOperatingExpenses": 3196000000, "costOfRevenue": 1751000000, "totalOtherIncomeExpenseNet": -17000000, "discontinuedOperations": null, "netIncomeFromContinuingOps": 458000000, "netIncomeApplicableToCommonShares": 458000000}}, "quarterly": {"2022-06-30": {"researchDevelopment": null, "effectOfAccountingCharges": null, "incomeBeforeTax": 397000000, "minorityInterest": 9000000, "netIncome": 307000000, "sellingGeneralAdministrative": 396000000, "grossProfit": 893000000, "ebit": 432000000, "operatingIncome": 432000000, "otherOperatingExpenses": null, "interestExpense": -32000000, "extraordinaryItems": null, "nonRecurring": null, "otherItems": null, "incomeTaxExpense": 90000000, "totalRevenue": 1552000000, "totalOperatingExpenses": 1120000000, "costOfRevenue": 659000000, "totalOtherIncomeExpenseNet": -35000000, "discontinuedOperations": null, "netIncomeFromContinuingOps": 307000000, "netIncomeApplicableToCommonShares": 307000000}, "2022-03-31": {"researchDevelopment": null, "effectOfAccountingCharges": null, "incomeBeforeTax": 374000000, "minorityInterest": 9000000, "netIncome": 284000000, "sellingGeneralAdministrative": 397000000, "grossProfit": 892000000, "ebit": 428000000, "operatingIncome": 428000000, "otherOperatingExpenses": null, "interestExpense": -32000000, "extraordinaryItems": null, "nonRecurring": null, "otherItems": null, "incomeTaxExpense": 91000000, "totalRevenue": 1535000000, "totalOperatingExpenses": 1107000000, "costOfRevenue": 643000000, "totalOtherIncomeExpenseNet": -54000000, "discontinuedOperations": null, "netIncomeFromContinuingOps": 283000000, "netIncomeApplicableToCommonShares": 284000000}, "2021-12-31": {"researchDevelopment": null, "effectOfAccountingCharges": null, "incomeBeforeTax": 314000000, "minorityInterest": 10000000, "netIncome": 259000000, "sellingGeneralAdministrative": 402000000, "grossProfit": 886000000, "ebit": 403000000, "operatingIncome": 403000000, "otherOperatingExpenses": null, "interestExpense": -30000000, "extraordinaryItems": null, "nonRecurring": null, "otherItems": null, "incomeTaxExpense": 55000000, "totalRevenue": 1467000000, "totalOperatingExpenses": 1064000000, "costOfRevenue": 581000000, "totalOtherIncomeExpenseNet": -89000000, "discontinuedOperations": null, "netIncomeFromContinuingOps": 259000000, "netIncomeApplicableToCommonShares": 259000000}, "2021-09-30": {"researchDevelopment": null, "effectOfAccountingCharges": null, "incomeBeforeTax": 371000000, "minorityInterest": 10000000, "netIncome": 288000000, "sellingGeneralAdministrative": 394000000, "grossProfit": 838000000, "ebit": 377000000, "operatingIncome": 377000000, "otherOperatingExpenses": null, "interestExpense": -33000000, "extraordinaryItems": null, "nonRecurring": null, "otherItems": null, "incomeTaxExpense": 83000000, "totalRevenue": 1357000000, "totalOperatingExpenses": 980000000, "costOfRevenue": 519000000, "totalOtherIncomeExpenseNet": -6000000, "discontinuedOperations": null, "netIncomeFromContinuingOps": 288000000, "netIncomeApplicableToCommonShares": 288000000}}}, "cash": {"annual": {"2021-12-31": {"investments": -31000000, "changeToLiabilities": 89000000, "totalCashflowsFromInvestingActivities": -2653000000, "netBorrowings": 442000000, "totalCashFromFinancingActivities": 1418000000, "changeToOperatingActivities": -552000000, "issuanceOfStock": 26000000, "netIncome": 1187000000, "changeInCash": -483000000, "repurchaseOfStock": -1004000000, "effectOfExchangeRate": -331000000, "totalCashFromOperatingActivities": 1083000000, "depreciation": 278000000, "otherCashflowsFromInvestingActivities": -219000000, "dividendsPaid": -350000000, "changeToAccountReceivables": -6000000, "otherCashflowsFromFinancingActivities": 2304000000, "changeToNetincome": 87000000, "capitalExpenditures": -163000000}, "2020-12-31": {"investments": 141000000, "changeToLiabilities": 20000000, "totalCashflowsFromInvestingActivities": -122000000, "netBorrowings": 1948000000, "totalCashFromFinancingActivities": 1910000000, "changeToOperatingActivities": 138000000, "issuanceOfStock": 50000000, "netIncome": 933000000, "changeInCash": 3393000000, "repurchaseOfStock": -262000000, "effectOfExchangeRate": 353000000, "totalCashFromOperatingActivities": 1252000000, "depreciation": 202000000, "otherCashflowsFromInvestingActivities": 82000000, "dividendsPaid": -320000000, "changeToAccountReceivables": -167000000, "otherCashflowsFromFinancingActivities": 494000000, "changeToNetincome": 126000000, "capitalExpenditures": -188000000}, "2019-12-31": {"investments": -25000000, "changeToLiabilities": -64000000, "totalCashflowsFromInvestingActivities": -414000000, "netBorrowings": -419000000, "totalCashFromFinancingActivities": -2472000000, "changeToOperatingActivities": 58000000, "issuanceOfStock": 37000000, "netIncome": 774000000, "changeInCash": -2111000000, "repurchaseOfStock": -239000000, "effectOfExchangeRate": -188000000, "totalCashFromOperatingActivities": 963000000, "depreciation": 190000000, "otherCashflowsFromInvestingActivities": -188000000, "dividendsPaid": -305000000, "changeToAccountReceivables": -42000000, "otherCashflowsFromFinancingActivities": -1546000000, "changeToNetincome": 47000000, "capitalExpenditures": -127000000}, "2018-12-31": {"investments": 122000000, "changeToLiabilities": 40000000, "totalCashflowsFromInvestingActivities": 196000000, "netBorrowings": -320000000, "totalCashFromFinancingActivities": -1027000000, "changeToOperatingActivities": 98000000, "issuanceOfStock": 17000000, "netIncome": 458000000, "changeInCash": 187000000, "repurchaseOfStock": -444000000, "effectOfExchangeRate": -10000000, "totalCashFromOperatingActivities": 1028000000, "depreciation": 210000000, "otherCashflowsFromInvestingActivities": -26000000, "dividendsPaid": -280000000, "changeToAccountReceivables": -35000000, "otherCashflowsFromFinancingActivities": -1546000000, "changeToNetincome": 257000000, "capitalExpenditures": -111000000}}, "quarterly": {"2022-06-30": {"investments": 47000000, "changeToLiabilities": -99000000, "totalCashflowsFromInvestingActivities": 146000000, "netBorrowings": -80000000, "totalCashFromFinancingActivities": 2335000000, "changeToOperatingActivities": 94000000, "issuanceOfStock": 17000000, "netIncome": 307000000, "changeInCash": 2338000000, "repurchaseOfStock": -186000000, "effectOfExchangeRate": -518000000, "totalCashFromOperatingActivities": 375000000, "depreciation": 65000000, "otherCashflowsFromInvestingActivities": 182000000, "dividendsPaid": -97000000, "changeToAccountReceivables": -36000000, "otherCashflowsFromFinancingActivities": 2681000000, "changeToNetincome": 45000000, "capitalExpenditures": -42000000}, "2022-03-31": {"investments": -26000000, "changeToLiabilities": 300000000, "totalCashflowsFromInvestingActivities": -390000000, "netBorrowings": 121000000, "totalCashFromFinancingActivities": 368000000, "changeToOperatingActivities": -50000000, "issuanceOfStock": 17000000, "netIncome": 284000000, "changeInCash": 419000000, "repurchaseOfStock": -519000000, "effectOfExchangeRate": -164000000, "totalCashFromOperatingActivities": 605000000, "depreciation": 67000000, "otherCashflowsFromInvestingActivities": -329000000, "dividendsPaid": -89000000, "changeToAccountReceivables": -39000000, "otherCashflowsFromFinancingActivities": 855000000, "changeToNetincome": 43000000, "capitalExpenditures": -35000000}, "2021-12-31": {"investments": -28000000, "changeToLiabilities": -45000000, "totalCashflowsFromInvestingActivities": -213000000, "netBorrowings": -60000000, "totalCashFromFinancingActivities": 2119000000, "changeToOperatingActivities": 68000000, "issuanceOfStock": 9000000, "netIncome": 259000000, "changeInCash": 1967000000, "repurchaseOfStock": -70000000, "effectOfExchangeRate": -323000000, "totalCashFromOperatingActivities": 384000000, "depreciation": 81000000, "otherCashflowsFromInvestingActivities": -135000000, "dividendsPaid": -90000000, "changeToAccountReceivables": -38000000, "otherCashflowsFromFinancingActivities": 2330000000, "changeToNetincome": 59000000, "capitalExpenditures": -50000000}, "2021-09-30": {"investments": 44000000, "changeToLiabilities": -52000000, "totalCashflowsFromInvestingActivities": -5000000, "netBorrowings": 281000000, "totalCashFromFinancingActivities": -321000000, "changeToOperatingActivities": -167000000, "issuanceOfStock": 9000000, "netIncome": 288000000, "changeInCash": -98000000, "repurchaseOfStock": -477000000, "effectOfExchangeRate": -4000000, "totalCashFromOperatingActivities": 232000000, "depreciation": 66000000, "otherCashflowsFromInvestingActivities": -17000000, "dividendsPaid": -91000000, "changeToAccountReceivables": 8000000, "otherCashflowsFromFinancingActivities": -34000000, "changeToNetincome": 88000000, "capitalExpenditures": -32000000}}}}, "AMP": {"balance": {"annual": {"2021-12-31": {"intangibleAssets": 1110000000, "capitalSurplus": 9220000000, "totalLiab": 170294000000, "totalStockholderEquity": 5685000000, "deferredLongTermLiab": 3097000000, "otherCurrentLiab": 6612000000, "totalAssets": 175979000000, "commonStock": 3000000, "otherCurrentAssets": 7255000000, "retainedEarnings": 17525000000, "otherLiab": 157309000000, "goodWill": 1458000000, "treasuryStock": -21063000000, "otherAssets": 107943000000, "cash": 7127000000, "totalCurrentLiabilities": 9891000000, "deferredLongTermAssetCharges": 1088000000, "shortLongTermDebt": 468000000, "otherStockholderEquity": 3000000, "propertyPlantEquipment": 919000000, "totalCurrentAssets": 31839000000, "longTermInvestments": 32710000000, "netTangibleAssets": 3117000000, "netReceivables": 16205000000, "longTermDebt": 2792000000, "accountsPayable": 2527000000}, "2020-12-31": {"intangibleAssets": 817000000, "capitalSurplus": 8822000000, "totalLiab": 160016000000, "totalStockholderEquity": 5867000000, "deferredLongTermLiab": 2838000000, "otherCurrentLiab": 6956000000, "totalAssets": 165883000000, "commonStock": 3000000, "otherCurrentAssets": 6783000000, "retainedEarnings": 15292000000, "otherLiab": 147033000000, "goodWill": 1176000000, "treasuryStock": -18250000000, "otherAssets": 102490000000, "cash": 6751000000, "totalCurrentLiabilities": 10152000000, "deferredLongTermAssetCharges": 880000000, "shortLongTermDebt": 734000000, "otherStockholderEquity": 629000000, "propertyPlantEquipment": 861000000, "totalCurrentAssets": 23108000000, "longTermInvestments": 37431000000, "netTangibleAssets": 3874000000, "netReceivables": 7819000000, "longTermDebt": 2787000000, "accountsPayable": 1998000000}, "2019-12-31": {"intangibleAssets": 823000000, "capitalSurplus": 8461000000, "totalLiab": 146099000000, "totalStockholderEquity": 5729000000, "deferredLongTermLiab": 3032000000, "otherCurrentLiab": 4811000000, "totalAssets": 151828000000, "commonStock": 3000000, "otherCurrentAssets": 5418000000, "retainedEarnings": 14279000000, "otherLiab": 135424000000, "goodWill": 1167000000, "treasuryStock": -17014000000, "otherAssets": 95462000000, "cash": 3709000000, "totalCurrentLiabilities": 7404000000, "deferredLongTermAssetCharges": 646000000, "shortLongTermDebt": 418000000, "otherStockholderEquity": 262000000, "propertyPlantEquipment": 877000000, "totalCurrentAssets": 17784000000, "longTermInvestments": 35715000000, "netTangibleAssets": 3739000000, "netReceivables": 7202000000, "longTermDebt": 3040000000, "accountsPayable": 1884000000}, "2018-12-31": {"capitalSurplus": 8260000000, "totalLiab": 131628000000, "totalStockholderEquity": 5588000000, "deferredLongTermLiab": 3139000000, "otherCurrentLiab": 3186000000, "totalAssets": 137216000000, "commonStock": 3000000, "otherCurrentAssets": 4866000000, "retainedEarnings": 12909000000, "otherLiab": 123081000000, "treasuryStock": -15584000000, "otherAssets": 87490000000, "cash": 2931000000, "totalCurrentLiabilities": 5680000000, "shortLongTermDebt": 424000000, "otherStockholderEquity": -291000000, "propertyPlantEquipment": 635000000, "totalCurrentAssets": 14766000000, "longTermInvestments": 34325000000, "netTangibleAssets": 5588000000, "netReceivables": 6173000000, "longTermDebt": 2842000000, "accountsPayable": 1862000000}}, "quarterly": {"2022-06-30": {"capitalSurplus": 9380000000, "totalLiab": 154193000000, "totalStockholderEquity": 4304000000, "deferredLongTermLiab": 3265000000, "otherCurrentLiab": 4163000000, "totalAssets": 158497000000, "commonStock": 3000000, "otherCurrentAssets": 5343000000, "retainedEarnings": 18767000000, "otherLiab": 144337000000, "treasuryStock": -23846000000, "otherAssets": 93888000000, "cash": 7489000000, "totalCurrentLiabilities": 7032000000, "shortLongTermDebt": 463000000, "otherStockholderEquity": -1795000000, "totalCurrentAssets": 29892000000, "longTermInvestments": 34717000000, "netTangibleAssets": 4304000000, "netReceivables": 16366000000, "longTermDebt": 2789000000, "accountsPayable": 2206000000}, "2022-03-31": {"capitalSurplus": 9348000000, "totalLiab": 162515000000, "totalStockholderEquity": 5010000000, "deferredLongTermLiab": 2928000000, "otherCurrentLiab": 5797000000, "totalAssets": 167525000000, "commonStock": 3000000, "otherCurrentAssets": 2809000000, "retainedEarnings": 18153000000, "otherLiab": 157935000000, "treasuryStock": -22494000000, "otherAssets": 105860000000, "cash": 6623000000, "totalCurrentLiabilities": 2250000000, "shortLongTermDebt": 315000000, "otherStockholderEquity": -895000000, "totalCurrentAssets": 25625000000, "longTermInvestments": 36040000000, "netTangibleAssets": 5010000000, "netReceivables": 16193000000, "longTermDebt": 2293000000, "accountsPayable": 2050000000}, "2021-12-31": {"intangibleAssets": 1110000000, "capitalSurplus": 9220000000, "totalLiab": 170294000000, "totalStockholderEquity": 5685000000, "deferredLongTermLiab": 3097000000, "otherCurrentLiab": 6612000000, "totalAssets": 175979000000, "commonStock": 3000000, "otherCurrentAssets": 7255000000, "retainedEarnings": 17525000000, "otherLiab": 157309000000, "goodWill": 1458000000, "treasuryStock": -21063000000, "otherAssets": 107943000000, "cash": 7127000000, "totalCurrentLiabilities": 9891000000, "deferredLongTermAssetCharges": 1088000000, "shortLongTermDebt": 468000000, "otherStockholderEquity": 3000000, "propertyPlantEquipment": 919000000, "totalCurrentAssets": 31839000000, "longTermInvestments": 32710000000, "netTangibleAssets": 3117000000, "netReceivables": 16205000000, "longTermDebt": 2792000000, "accountsPayable": 2527000000}, "2021-09-30": {"capitalSurplus": 9118000000, "totalLiab": 165019000000, "totalStockholderEquity": 5707000000, "deferredLongTermLiab": 3038000000, "otherCurrentLiab": 6271000000, "totalAssets": 170726000000, "commonStock": 3000000, "otherCurrentAssets": 6939000000, "retainedEarnings": 16955000000, "otherLiab": 153095000000, "treasuryStock": -20369000000, "otherAssets": 108428000000, "cash": 7736000000, "totalCurrentLiabilities": 9093000000, "shortLongTermDebt": 476000000, "otherStockholderEquity": 99000000, "totalCurrentAssets": 31780000000, "longTermInvestments": 30518000000, "netTangibleAssets": 5707000000, "netReceivables": 15920000000, "longTermDebt": 2790000000, "accountsPayable": 2146000000}}}, "income": {"annual": {"2021-12-31": {"researchDevelopment": null, "effectOfAccountingCharges": null, "incomeBeforeTax": 3350000000, "minorityInterest": null, "netIncome": 2760000000, "sellingGeneralAdministrative": 3403000000, "grossProfit": 7588000000, "ebit": 4185000000, "operatingIncome": 4185000000, "otherOperatingExpenses": null, "interestExpense": -803000000, "extraordinaryItems": null, "nonRecurring": null, "otherItems": null, "incomeTaxExpense": 590000000, "totalRevenue": 13443000000, "totalOperatingExpenses": 9258000000, "costOfRevenue": 5855000000, "totalOtherIncomeExpenseNet": -835000000, "discontinuedOperations": null, "netIncomeFromContinuingOps": 2760000000, "netIncomeApplicableToCommonShares": 2760000000}, "2020-12-31": {"researchDevelopment": null, "effectOfAccountingCharges": null, "incomeBeforeTax": 1831000000, "minorityInterest": null, "netIncome": 1534000000, "sellingGeneralAdministrative": 3116000000, "grossProfit": 5816000000, "ebit": 2700000000, "operatingIncome": 2700000000, "otherOperatingExpenses": null, "interestExpense": -865000000, "extraordinaryItems": null, "nonRecurring": null, "otherItems": null, "incomeTaxExpense": 297000000, "totalRevenue": 11958000000, "totalOperatingExpenses": 9258000000, "costOfRevenue": 6142000000, "totalOtherIncomeExpenseNet": -869000000, "discontinuedOperations": null, "netIncomeFromContinuingOps": 1534000000, "netIncomeApplicableToCommonShares": 1534000000}, "2019-12-31": {"researchDevelopment": null, "effectOfAccountingCharges": null, "incomeBeforeTax": 2232000000, "minorityInterest": null, "netIncome": 1893000000, "sellingGeneralAdministrative": 3273000000, "grossProfit": 6325000000, "ebit": 3052000000, "operatingIncome": 3052000000, "otherOperatingExpenses": null, "interestExpense": -1019000000, "extraordinaryItems": null, "nonRecurring": null, "otherItems": null, "incomeTaxExpense": 339000000, "totalRevenue": 12890000000, "totalOperatingExpenses": 9838000000, "costOfRevenue": 6565000000, "totalOtherIncomeExpenseNet": -820000000, "discontinuedOperations": null, "netIncomeFromContinuingOps": 1893000000, "netIncomeApplicableToCommonShares": 1893000000}, "2018-12-31": {"researchDevelopment": null, "effectOfAccountingCharges": null, "incomeBeforeTax": 2484000000, "minorityInterest": null, "netIncome": 2098000000, "sellingGeneralAdministrative": 3152000000, "grossProfit": 6663000000, "ebit": 3511000000, "operatingIncome": 3511000000, "otherOperatingExpenses": null, "interestExpense": -1008000000, "extraordinaryItems": null, "nonRecurring": null, "otherItems": null, "incomeTaxExpense": 386000000, "totalRevenue": 12924000000, "totalOperatingExpenses": 9413000000, "costOfRevenue": 6261000000, "totalOtherIncomeExpenseNet": -1027000000, "discontinuedOperations": null, "netIncomeFromContinuingOps": 2098000000, "netIncomeApplicableToCommonShares": 2098000000}}, "quarterly": {"2022-06-30": {"researchDevelopment": null, "effectOfAccountingCharges": null, "incomeBeforeTax": 955000000, "minorityInterest": null, "netIncome": 756000000, "sellingGeneralAdministrative": 880000000, "grossProfit": 2041000000, "ebit": 1161000000, "operatingIncome": 1161000000, "otherOperatingExpenses": null, "interestExpense": -192000000, "extraordinaryItems": null, "nonRecurring": null, "otherItems": null, "incomeTaxExpense": 199000000, "totalRevenue": 3511000000, "totalOperatingExpenses": 2350000000, "costOfRevenue": 1470000000, "totalOtherIncomeExpenseNet": -206000000, "discontinuedOperations": null, "netIncomeFromContinuingOps": 756000000, "netIncomeApplicableToCommonShares": 756000000}, "2022-03-31": {"researchDevelopment": null, "effectOfAccountingCharges": null, "incomeBeforeTax": 923000000, "minorityInterest": null, "netIncome": 761000000, "sellingGeneralAdministrative": 947000000, "grossProfit": 2053000000, "ebit": 1106000000, "operatingIncome": 1106000000, "otherOperatingExpenses": null, "interestExpense": -183000000, "extraordinaryItems": null, "nonRecurring": null, "otherItems": null, "incomeTaxExpense": 162000000, "totalRevenue": 3657000000, "totalOperatingExpenses": 2551000000, "costOfRevenue": 1604000000, "totalOtherIncomeExpenseNet": -193000000, "discontinuedOperations": null, "netIncomeFromContinuingOps": 761000000, "netIncomeApplicableToCommonShares": 761000000}, "2021-12-31": {"researchDevelopment": null, "effectOfAccountingCharges": null, "incomeBeforeTax": 866000000, "minorityInterest": null, "netIncome": 701000000, "sellingGeneralAdministrative": 942000000, "grossProfit": 2015000000, "ebit": 1073000000, "operatingIncome": 1073000000, "otherOperatingExpenses": null, "interestExpense": -189000000, "extraordinaryItems": null, "nonRecurring": null, "otherItems": null, "incomeTaxExpense": 165000000, "totalRevenue": 3762000000, "totalOperatingExpenses": 2689000000, "costOfRevenue": 1747000000, "totalOtherIncomeExpenseNet": -207000000, "discontinuedOperations": null, "netIncomeFromContinuingOps": 701000000, "netIncomeApplicableToCommonShares": 701000000}, "2021-09-30": {"researchDevelopment": null, "effectOfAccountingCharges": null, "incomeBeforeTax": 1270000000, "minorityInterest": null, "netIncome": 1031000000, "sellingGeneralAdministrative": 815000000, "grossProfit": 2331000000, "ebit": 1516000000, "operatingIncome": 1516000000, "otherOperatingExpenses": null, "interestExpense": -239000000, "extraordinaryItems": null, "nonRecurring": null, "otherItems": null, "incomeTaxExpense": 239000000, "totalRevenue": 2906000000, "totalOperatingExpenses": 1390000000, "costOfRevenue": 575000000, "totalOtherIncomeExpenseNet": -246000000, "discontinuedOperations": null, "netIncomeFromContinuingOps": 1031000000, "netIncomeApplicableToCommonShares": 1031000000}}}, "cash": {"annual": {"2021-12-31": {"investments": -3141000000, "changeToLiabilities": 304000000, "totalCashflowsFromInvestingActivities": -4380000000, "netBorrowings": 609000000, "totalCashFromFinancingActivities": 1723000000, "changeToOperatingActivities": 1494000000, "issuanceOfStock": 1000000, "netIncome": 2760000000, "changeInCash": 666000000, "repurchaseOfStock": -2030000000, "effectOfExchangeRate": -2000000, "totalCashFromOperatingActivities": 3325000000, "depreciation": 98000000, "otherCashflowsFromInvestingActivities": -579000000, "dividendsPaid": -511000000, "changeToAccountReceivables": -520000000, "otherCashflowsFromFinancingActivities": 3654000000, "changeToNetincome": -503000000, "capitalExpenditures": -120000000}, "2020-12-31": {"investments": -2700000000, "changeToLiabilities": 463000000, "totalCashflowsFromInvestingActivities": -2894000000, "netBorrowings": 42000000, "totalCashFromFinancingActivities": 952000000, "changeToOperatingActivities": 3152000000, "issuanceOfStock": 3000000, "netIncome": 1534000000, "changeInCash": 2690000000, "repurchaseOfStock": -1441000000, "effectOfExchangeRate": 9000000, "totalCashFromOperatingActivities": 4623000000, "depreciation": 207000000, "otherCashflowsFromInvestingActivities": -99000000, "dividendsPaid": -497000000, "changeToAccountReceivables": -648000000, "otherCashflowsFromFinancingActivities": 2845000000, "changeToNetincome": -110000000, "capitalExpenditures": -147000000}, "2019-12-31": {"investments": -3439000000, "changeToLiabilities": 28000000, "totalCashflowsFromInvestingActivities": -3234000000, "netBorrowings": 100000000, "totalCashFromFinancingActivities": 1214000000, "changeToOperatingActivities": 267000000, "issuanceOfStock": 3000000, "netIncome": 1893000000, "changeInCash": 330000000, "repurchaseOfStock": -1943000000, "effectOfExchangeRate": 9000000, "totalCashFromOperatingActivities": 2341000000, "depreciation": 183000000, "otherCashflowsFromInvestingActivities": -504000000, "dividendsPaid": -504000000, "changeToAccountReceivables": 324000000, "otherCashflowsFromFinancingActivities": 3558000000, "changeToNetincome": -386000000, "capitalExpenditures": -143000000}, "2018-12-31": {"investments": -429000000, "changeToLiabilities": -296000000, "totalCashflowsFromInvestingActivities": -587000000, "netBorrowings": -605000000, "totalCashFromFinancingActivities": -1263000000, "changeToOperatingActivities": 888000000, "issuanceOfStock": 2000000, "netIncome": 2098000000, "changeInCash": 739000000, "repurchaseOfStock": -1630000000, "effectOfExchangeRate": -8000000, "totalCashFromOperatingActivities": 2597000000, "depreciation": 198000000, "otherCashflowsFromInvestingActivities": -56000000, "dividendsPaid": -506000000, "changeToAccountReceivables": -398000000, "otherCashflowsFromFinancingActivities": 1476000000, "changeToNetincome": 164000000, "capitalExpenditures": -162000000}}, "quarterly": {"2022-06-30": {"investments": -2952000000, "changeToLiabilities": 232000000, "totalCashflowsFromInvestingActivities": -2927000000, "netBorrowings": 492000000, "totalCashFromFinancingActivities": 2089000000, "changeToOperatingActivities": 404000000, "netIncome": 756000000, "changeInCash": 571000000, "repurchaseOfStock": -448000000, "totalCashFromOperatingActivities": 1409000000, "depreciation": 8000000, "otherCashflowsFromInvestingActivities": 57000000, "dividendsPaid": -137000000, "changeToAccountReceivables": -128000000, "otherCashflowsFromFinancingActivities": 2182000000, "changeToNetincome": 69000000, "capitalExpenditures": -40000000}, "2022-03-31": {"investments": -1760000000, "changeToLiabilities": -459000000, "totalCashflowsFromInvestingActivities": -1665000000, "netBorrowings": -503000000, "totalCashFromFinancingActivities": 518000000, "changeToOperatingActivities": 34000000, "netIncome": 761000000, "changeInCash": -758000000, "repurchaseOfStock": -541000000, "effectOfExchangeRate": -20000000, "totalCashFromOperatingActivities": 409000000, "depreciation": -12000000, "otherCashflowsFromInvestingActivities": 158000000, "dividendsPaid": -129000000, "changeToAccountReceivables": -83000000, "otherCashflowsFromFinancingActivities": 1691000000, "changeToNetincome": 195000000, "capitalExpenditures": -44000000}, "2021-12-31": {"investments": -2112000000, "changeToLiabilities": 270000000, "totalCashflowsFromInvestingActivities": -3007000000, "netBorrowings": -7000000, "totalCashFromFinancingActivities": 1464000000, "changeToOperatingActivities": 761000000, "issuanceOfStock": 1000000, "netIncome": 701000000, "changeInCash": 15000000, "repurchaseOfStock": -563000000, "effectOfExchangeRate": 7000000, "totalCashFromOperatingActivities": 1551000000, "depreciation": 3000000, "otherCashflowsFromInvestingActivities": -245000000, "dividendsPaid": -127000000, "changeToAccountReceivables": -160000000, "otherCashflowsFromFinancingActivities": 2160000000, "changeToNetincome": -109000000, "capitalExpenditures": -34000000}, "2021-09-30": {"investments": -374000000, "changeToLiabilities": 193000000, "totalCashflowsFromInvestingActivities": -464000000, "netBorrowings": -5000000, "totalCashFromFinancingActivities": 360000000, "changeToOperatingActivities": 448000000, "issuanceOfStock": 1000000, "netIncome": 1031000000, "changeInCash": 721000000, "repurchaseOfStock": -556000000, "effectOfExchangeRate": -18000000, "totalCashFromOperatingActivities": 843000000, "depreciation": -25000000, "otherCashflowsFromInvestingActivities": -82000000, "dividendsPaid": -129000000, "changeToAccountReceivables": -124000000, "otherCashflowsFromFinancingActivities": 1050000000, "changeToNetincome": -573000000, "capitalExpenditures": -31000000}}}}, "TROW": {"balance": {"annual": {"2021-12-31": {"intangibleAssets": 913400000, "capitalSurplus": 919800000, "totalLiab": 2255300000, "totalStockholderEquity": 9022700000, "minorityInterest": 1231000000, "otherCurrentLiab": 77900000, "totalAssets": 12509000000, "commonStock": 45800000, "retainedEarnings": 8083600000, "otherLiab": 357800000, "goodWill": 2693200000, "treasuryStock": -26500000, "otherAssets": 433400000, "cash": 1523100000, "totalCurrentLiabilities": 1652400000, "otherStockholderEquity": -26500000, "propertyPlantEquipment": 937400000, "totalCurrentAssets": 2593300000, "longTermInvestments": 4938300000, "netTangibleAssets": 5416100000, "netReceivables": 1070200000, "longTermDebt": 37600000, "accountsPayable": 317500000}, "2020-12-31": {"capitalSurplus": 654600000, "totalLiab": 1390300000, "totalStockholderEquity": 7707000000, "minorityInterest": 1561700000, "otherCurrentLiab": 87500000, "totalAssets": 10659000000, "commonStock": 45600000, "retainedEarnings": 7029800000, "otherLiab": 57700000, "goodWill": 665700000, "treasuryStock": -23000000, "otherAssets": 194200000, "cash": 2151700000, "totalCurrentLiabilities": 1178500000, "deferredLongTermAssetCharges": 60600000, "otherStockholderEquity": -23000000, "propertyPlantEquipment": 813000000, "totalCurrentAssets": 3039800000, "longTermInvestments": 5946300000, "netTangibleAssets": 7041300000, "netReceivables": 888100000, "accountsPayable": 185200000}, "2019-12-31": {"capitalSurplus": 654600000, "totalLiab": 1107300000, "totalStockholderEquity": 7102100000, "minorityInterest": 1121000000, "otherCurrentLiab": 44000000, "totalAssets": 9330400000, "commonStock": 47000000, "retainedEarnings": 6443500000, "otherLiab": 39200000, "goodWill": 665700000, "treasuryStock": -43000000, "otherAssets": 202600000, "cash": 1781800000, "totalCurrentLiabilities": 921800000, "deferredLongTermAssetCharges": 77100000, "otherStockholderEquity": -43000000, "propertyPlantEquipment": 785200000, "totalCurrentAssets": 2460200000, "longTermInvestments": 5216700000, "netTangibleAssets": 6436400000, "netReceivables": 678400000, "accountsPayable": 202300000}, "2018-12-31": {"capitalSurplus": 654600000, "totalLiab": 824700000, "totalStockholderEquity": 6124300000, "minorityInterest": 740300000, "otherCurrentLiab": 54200000, "totalAssets": 7689300000, "commonStock": 47600000, "retainedEarnings": 5464100000, "otherLiab": 38700000, "goodWill": 665700000, "treasuryStock": -42000000, "otherAssets": 231800000, "cash": 1425200000, "totalCurrentLiabilities": 786000000, "deferredLongTermAssetCharges": 109900000, "otherStockholderEquity": -42000000, "propertyPlantEquipment": 661300000, "totalCurrentAssets": 1996700000, "longTermInvestments": 4133800000, "netTangibleAssets": 5458600000, "netReceivables": 571500000, "accountsPayable": 228500000}}, "quarterly": {"2022-06-30": {"intangibleAssets": 859100000, "capitalSurplus": 654600000, "totalLiab": 2031100000, "totalStockholderEquity": 8964200000, "minorityInterest": 773400000, "otherCurrentLiab": 34300000, "totalAssets": 11768700000, "commonStock": 45100000, "retainedEarnings": 8311900000, "otherLiab": 204300000, "goodWill": 2652400000, "treasuryStock": -47400000, "otherAssets": 591700000, "cash": 2116000000, "totalCurrentLiabilities": 1589700000, "otherStockholderEquity": -47400000, "propertyPlantEquipment": 905400000, "totalCurrentAssets": 2889200000, "longTermInvestments": 3870900000, "netTangibleAssets": 5452700000, "netReceivables": 773200000, "longTermDebt": 32400000, "accountsPayable": 258700000}, "2022-03-31": {"intangibleAssets": 886300000, "capitalSurplus": 668200000, "totalLiab": 2231000000, "totalStockholderEquity": 9054400000, "minorityInterest": 1062600000, "otherCurrentLiab": 214600000, "totalAssets": 12348000000, "commonStock": 45500000, "retainedEarnings": 8372200000, "otherLiab": 267400000, "goodWill": 2643900000, "treasuryStock": -31500000, "otherAssets": 462500000, "cash": 1997500000, "totalCurrentLiabilities": 1716900000, "otherStockholderEquity": -31500000, "propertyPlantEquipment": 900800000, "totalCurrentAssets": 2917000000, "longTermInvestments": 4537500000, "netTangibleAssets": 5524200000, "netReceivables": 919500000, "longTermDebt": 34900000, "accountsPayable": 308600000}, "2021-12-31": {"intangibleAssets": 913400000, "capitalSurplus": 919800000, "totalLiab": 2255300000, "totalStockholderEquity": 9022700000, "minorityInterest": 1231000000, "otherCurrentLiab": 77900000, "totalAssets": 12509000000, "commonStock": 45800000, "retainedEarnings": 8083600000, "otherLiab": 357800000, "goodWill": 2693200000, "treasuryStock": -26500000, "otherAssets": 433400000, "cash": 1523100000, "totalCurrentLiabilities": 1652400000, "otherStockholderEquity": -26500000, "propertyPlantEquipment": 937400000, "totalCurrentAssets": 2593300000, "longTermInvestments": 4938300000, "netTangibleAssets": 5416100000, "netReceivables": 1070200000, "longTermDebt": 37600000, "accountsPayable": 317500000}, "2021-09-30": {"capitalSurplus": 654600000, "totalLiab": 2102000000, "totalStockholderEquity": 8262100000, "minorityInterest": 1086600000, "otherCurrentLiab": 96700000, "totalAssets": 11450700000, "commonStock": 45200000, "retainedEarnings": 7591700000, "otherLiab": 92100000, "goodWill": 665700000, "treasuryStock": -29400000, "otherAssets": 242600000, "cash": 3418500000, "totalCurrentLiabilities": 1867800000, "otherStockholderEquity": -29400000, "propertyPlantEquipment": 825300000, "totalCurrentAssets": 4360100000, "longTermInvestments": 5357000000, "netTangibleAssets": 7596400000, "netReceivables": 941600000, "accountsPayable": 273800000}}}, "income": {"annual": {"2021-12-31": {"researchDevelopment": null, "effectOfAccountingCharges": null, "incomeBeforeTax": 3994600000, "minorityInterest": 1231000000, "netIncome": 3082900000, "sellingGeneralAdministrative": 936800000, "grossProfit": 4678700000, "ebit": 3741900000, "operatingIncome": 3741900000, "otherOperatingExpenses": null, "interestExpense": null, "extraordinaryItems": null, "nonRecurring": null, "otherItems": null, "incomeTaxExpense": 896100000, "totalRevenue": 7671900000, "totalOperatingExpenses": 3930000000, "costOfRevenue": 2993200000, "totalOtherIncomeExpenseNet": 252700000, "discontinuedOperations": null, "netIncomeFromContinuingOps": 3098500000, "netIncomeApplicableToCommonShares": 3002400000}, "2020-12-31": {"researchDevelopment": null, "effectOfAccountingCharges": null, "incomeBeforeTax": 3242200000, "minorityInterest": 1561700000, "netIncome": 2372700000, "sellingGeneralAdministrative": 844600000, "grossProfit": 3590300000, "ebit": 2745700000, "operatingIncome": 2745700000, "otherOperatingExpenses": null, "interestExpense": null, "extraordinaryItems": null, "nonRecurring": null, "otherItems": null, "incomeTaxExpense": 718900000, "totalRevenue": 6206700000, "totalOperatingExpenses": 3461000000, "costOfRevenue": 2616400000, "totalOtherIncomeExpenseNet": 496500000, "discontinuedOperations": null, "netIncomeFromContinuingOps": 2523300000, "netIncomeApplicableToCommonShares": 2307400000}, "2019-12-31": {"researchDevelopment": null, "effectOfAccountingCharges": null, "incomeBeforeTax": 2927300000, "minorityInterest": 1121000000, "netIncome": 2131300000, "sellingGeneralAdministrative": 846000000, "grossProfit": 3233000000, "ebit": 2387000000, "operatingIncome": 2387000000, "otherOperatingExpenses": null, "interestExpense": null, "extraordinaryItems": null, "nonRecurring": null, "otherItems": null, "incomeTaxExpense": 678400000, "totalRevenue": 5617900000, "totalOperatingExpenses": 3230900000, "costOfRevenue": 2384900000, "totalOtherIncomeExpenseNet": 540300000, "discontinuedOperations": null, "netIncomeFromContinuingOps": 2248900000, "netIncomeApplicableToCommonShares": 2076000000}, "2018-12-31": {"researchDevelopment": null, "effectOfAccountingCharges": null, "incomeBeforeTax": 2384600000, "minorityInterest": 740300000, "netIncome": 1837500000, "sellingGeneralAdministrative": 779500000, "grossProfit": 3125700000, "ebit": 2346200000, "operatingIncome": 2346200000, "otherOperatingExpenses": null, "interestExpense": null, "extraordinaryItems": null, "nonRecurring": null, "otherItems": null, "incomeTaxExpense": 615900000, "totalRevenue": 5372600000, "totalOperatingExpenses": 3026400000, "costOfRevenue": 2246900000, "totalOtherIncomeExpenseNet": 38400000, "discontinuedOperations": null, "netIncomeFromContinuingOps": 1768700000, "netIncomeApplicableToCommonShares": 1793900000}}, "quarterly": {"2022-06-30": {"researchDevelopment": null, "effectOfAccountingCharges": null, "incomeBeforeTax": 388700000, "minorityInterest": 773400000, "netIncome": 339600000, "sellingGeneralAdministrative": 279200000, "grossProfit": 897600000, "ebit": 618400000, "operatingIncome": 618400000, "otherOperatingExpenses": null, "interestExpense": null, "extraordinaryItems": null, "nonRecurring": null, "otherItems": null, "incomeTaxExpense": 100900000, "totalRevenue": 1513000000, "totalOperatingExpenses": 894600000, "costOfRevenue": 615400000, "totalOtherIncomeExpenseNet": -229700000, "discontinuedOperations": null, "netIncomeFromContinuingOps": 287800000, "netIncomeApplicableToCommonShares": 332200000}, "2022-03-31": {"researchDevelopment": null, "effectOfAccountingCharges": null, "incomeBeforeTax": 678900000, "minorityInterest": 1062600000, "netIncome": 567900000, "sellingGeneralAdministrative": 282500000, "grossProfit": 1115100000, "ebit": 832600000, "operatingIncome": 832600000, "otherOperatingExpenses": null, "interestExpense": null, "extraordinaryItems": null, "nonRecurring": null, "otherItems": null, "incomeTaxExpense": 164500000, "totalRevenue": 1863000000, "totalOperatingExpenses": 1030400000, "costOfRevenue": 747900000, "totalOtherIncomeExpenseNet": -153700000, "discontinuedOperations": null, "netIncomeFromContinuingOps": 514400000, "netIncomeApplicableToCommonShares": 554900000}, "2021-12-31": {"researchDevelopment": null, "effectOfAccountingCharges": null, "incomeBeforeTax": 912600000, "minorityInterest": 1231000000, "netIncome": 740600000, "sellingGeneralAdministrative": 254900000, "grossProfit": 1149300000, "ebit": 894400000, "operatingIncome": 894400000, "otherOperatingExpenses": null, "interestExpense": null, "extraordinaryItems": null, "nonRecurring": null, "otherItems": null, "incomeTaxExpense": 179000000, "totalRevenue": 1961700000, "totalOperatingExpenses": 1067300000, "costOfRevenue": 812400000, "totalOtherIncomeExpenseNet": 18200000, "discontinuedOperations": null, "netIncomeFromContinuingOps": 733600000, "netIncomeApplicableToCommonShares": 721700000}, "2021-09-30": {"researchDevelopment": null, "effectOfAccountingCharges": null, "incomeBeforeTax": 984700000, "minorityInterest": 1086600000, "netIncome": 777200000, "sellingGeneralAdministrative": 227000000, "grossProfit": 1223200000, "ebit": 996200000, "operatingIncome": 996200000, "otherOperatingExpenses": null, "interestExpense": null, "extraordinaryItems": null, "nonRecurring": null, "otherItems": null, "incomeTaxExpense": 227300000, "totalRevenue": 1954100000, "totalOperatingExpenses": 957900000, "costOfRevenue": 730900000, "totalOtherIncomeExpenseNet": -11500000, "discontinuedOperations": null, "netIncomeFromContinuingOps": 757400000, "netIncomeApplicableToCommonShares": 757700000}}}, "cash": {"annual": {"2021-12-31": {"investments": 1577800000, "changeToLiabilities": 0, "totalCashflowsFromInvestingActivities": -1098100000, "totalCashFromFinancingActivities": -2988800000, "changeToOperatingActivities": 67400000, "netIncome": 3082900000, "changeInCash": -632300000, "repurchaseOfStock": -1138500000, "effectOfExchangeRate": 2600000, "totalCashFromOperatingActivities": 3452000000, "depreciation": 204800000, "otherCashflowsFromInvestingActivities": 30900000, "dividendsPaid": -1002400000, "otherCashflowsFromFinancingActivities": -148400000, "changeToNetincome": 82000000, "capitalExpenditures": -239100000}, "2020-12-31": {"investments": 181700000, "changeToLiabilities": 0, "totalCashflowsFromInvestingActivities": -36300000, "totalCashFromFinancingActivities": -1486300000, "changeToOperatingActivities": 91100000, "issuanceOfStock": 3900000, "netIncome": 2372700000, "changeInCash": 398200000, "repurchaseOfStock": -1201900000, "effectOfExchangeRate": 1900000, "totalCashFromOperatingActivities": 1918900000, "depreciation": 189600000, "otherCashflowsFromInvestingActivities": 50500000, "dividendsPaid": -845800000, "otherCashflowsFromFinancingActivities": 557500000, "changeToNetincome": 64300000, "capitalExpenditures": -214600000}, "2019-12-31": {"investments": -108300000, "changeToLiabilities": 0, "totalCashflowsFromInvestingActivities": -324500000, "totalCashFromFinancingActivities": -832700000, "changeToOperatingActivities": 109600000, "issuanceOfStock": 83300000, "netIncome": 2131300000, "changeInCash": 363000000, "repurchaseOfStock": -705800000, "effectOfExchangeRate": -2500000, "totalCashFromOperatingActivities": 1522700000, "depreciation": 190800000, "otherCashflowsFromInvestingActivities": 6800000, "dividendsPaid": -733900000, "otherCashflowsFromFinancingActivities": 523700000, "changeToNetincome": 21900000, "capitalExpenditures": -204600000}, "2018-12-31": {"investments": -771600000, "changeToLiabilities": 111300000, "totalCashflowsFromInvestingActivities": -875500000, "totalCashFromFinancingActivities": -1239500000, "changeToOperatingActivities": 111600000, "issuanceOfStock": 74800000, "netIncome": 1837500000, "changeInCash": -510500000, "repurchaseOfStock": -1090400000, "effectOfExchangeRate": -15400000, "totalCashFromOperatingActivities": 1619900000, "depreciation": 159500000, "otherCashflowsFromInvestingActivities": 88400000, "dividendsPaid": -694300000, "changeToAccountReceivables": 12700000, "otherCashflowsFromFinancingActivities": 470400000, "changeToNetincome": -51700000, "capitalExpenditures": -168500000}}, "quarterly": {"2022-06-30": {"investments": 51300000, "changeToLiabilities": 0, "totalCashflowsFromInvestingActivities": -29500000, "totalCashFromFinancingActivities": -486900000, "changeToOperatingActivities": -181200000, "issuanceOfStock": 2700000, "netIncome": 339600000, "changeInCash": 102600000, "repurchaseOfStock": -190300000, "effectOfExchangeRate": -4600000, "totalCashFromOperatingActivities": 623600000, "depreciation": 107500000, "otherCashflowsFromInvestingActivities": -5300000, "dividendsPaid": -277000000, "otherCashflowsFromFinancingActivities": -22300000, "changeToNetincome": 255500000, "capitalExpenditures": -67900000}, "2022-03-31": {"investments": 58900000, "changeToLiabilities": 0, "totalCashflowsFromInvestingActivities": 3800000, "totalCashFromFinancingActivities": -644100000, "changeToOperatingActivities": 238000000, "issuanceOfStock": 5100000, "netIncome": 567900000, "changeInCash": 460400000, "repurchaseOfStock": -320100000, "effectOfExchangeRate": -2700000, "totalCashFromOperatingActivities": 1103400000, "depreciation": 108400000, "otherCashflowsFromInvestingActivities": 5700000, "dividendsPaid": -279200000, "otherCashflowsFromFinancingActivities": -49900000, "changeToNetincome": 9000000, "capitalExpenditures": -54900000}, "2021-12-31": {"investments": 1339700000, "changeToLiabilities": 0, "totalCashflowsFromInvestingActivities": -1155700000, "totalCashFromFinancingActivities": -1097700000, "changeToOperatingActivities": -462600000, "issuanceOfStock": 5100000, "netIncome": 740600000, "changeInCash": -1885900000, "repurchaseOfStock": -678700000, "effectOfExchangeRate": 6200000, "totalCashFromOperatingActivities": 361300000, "depreciation": 53700000, "otherCashflowsFromInvestingActivities": 17100000, "dividendsPaid": -248200000, "otherCashflowsFromFinancingActivities": -171100000, "changeToNetincome": 9400000, "capitalExpenditures": -60400000}, "2021-09-30": {"investments": 78000000, "changeToLiabilities": 0, "totalCashflowsFromInvestingActivities": 51900000, "totalCashFromFinancingActivities": -1398400000, "changeToOperatingActivities": 176400000, "issuanceOfStock": 8600000, "netIncome": 777200000, "changeInCash": -60900000, "repurchaseOfStock": -181700000, "effectOfExchangeRate": -3100000, "totalCashFromOperatingActivities": 1288700000, "depreciation": 51700000, "otherCashflowsFromInvestingActivities": 2200000, "dividendsPaid": -249100000, "otherCashflowsFromFinancingActivities": -276400000, "changeToNetincome": 35300000, "capitalExpenditures": -56900000}}}}, "RJF": {"balance": {"annual": {"2021-09-30": {"intangibleAssets": 222000000, "capitalSurplus": 2088000000, "totalLiab": 53588000000, "totalStockholderEquity": 8245000000, "minorityInterest": 58000000, "otherCurrentLiab": 557000000, "totalAssets": 61891000000, "commonStock": 2000000, "otherCurrentAssets": 288000000, "retainedEarnings": 7633000000, "otherLiab": 33365000000, "goodWill": 660000000, "treasuryStock": -1478000000, "otherAssets": 1532000000, "cash": 7201000000, "totalCurrentLiabilities": 16980000000, "deferredLongTermAssetCharges": 305000000, "otherStockholderEquity": -41000000, "propertyPlantEquipment": 945000000, "totalCurrentAssets": 49902000000, "longTermInvestments": 8630000000, "netTangibleAssets": 7363000000, "shortTermInvestments": 11828000000, "netReceivables": 29736000000, "longTermDebt": 2895000000, "accountsPayable": 13991000000}, "2020-09-30": {"intangibleAssets": 134000000, "capitalSurplus": 2007000000, "totalLiab": 40306000000, "totalStockholderEquity": 7114000000, "minorityInterest": 62000000, "otherCurrentLiab": 570000000, "totalAssets": 47482000000, "commonStock": 2000000, "otherCurrentAssets": 250000000, "retainedEarnings": 6484000000, "otherLiab": 27639000000, "goodWill": 466000000, "treasuryStock": -1379000000, "otherAssets": 1403000000, "cash": 5390000000, "totalCurrentLiabilities": 9389000000, "deferredLongTermAssetCharges": 262000000, "otherStockholderEquity": 11000000, "propertyPlantEquipment": 856000000, "totalCurrentAssets": 36699000000, "longTermInvestments": 7924000000, "netTangibleAssets": 6514000000, "shortTermInvestments": 4666000000, "netReceivables": 25459000000, "longTermDebt": 2933000000, "accountsPayable": 6792000000}, "2019-09-30": {"intangibleAssets": 147000000, "capitalSurplus": 1938000000, "totalLiab": 32187000000, "totalStockholderEquity": 6581000000, "minorityInterest": 62000000, "otherCurrentLiab": 563000000, "totalAssets": 38830000000, "commonStock": 2000000, "otherCurrentAssets": 310000000, "retainedEarnings": 5874000000, "otherLiab": 22761000000, "goodWill": 464000000, "treasuryStock": -1233000000, "otherAssets": 1109000000, "cash": 3957000000, "totalCurrentLiabilities": 6982000000, "deferredLongTermAssetCharges": 231000000, "otherStockholderEquity": -23000000, "propertyPlantEquipment": 527000000, "totalCurrentAssets": 33106000000, "longTermInvestments": 3477000000, "netTangibleAssets": 5970000000, "shortTermInvestments": 2605000000, "netReceivables": 25233000000, "longTermDebt": 2444000000, "accountsPayable": 4361000000}, "2018-09-30": {"intangibleAssets": 161000000, "capitalSurplus": 1808000000, "totalLiab": 30961000000, "totalStockholderEquity": 6368000000, "minorityInterest": 84000000, "otherCurrentLiab": 445000000, "totalAssets": 37413000000, "commonStock": 2000000, "otherCurrentAssets": 302000000, "retainedEarnings": 5032000000, "otherLiab": 20191000000, "goodWill": 478000000, "treasuryStock": -474000000, "otherAssets": 996000000, "cash": 3500000000, "totalCurrentLiabilities": 8321000000, "deferredLongTermAssetCharges": 203000000, "otherStockholderEquity": -27000000, "propertyPlantEquipment": 486000000, "totalCurrentAssets": 32185000000, "longTermInvestments": 3107000000, "netTangibleAssets": 5729000000, "shortTermInvestments": 3069000000, "netReceivables": 24471000000, "longTermDebt": 2449000000, "accountsPayable": 5831000000}}, "quarterly": {"2022-06-30": {"intangibleAssets": 475000000, "capitalSurplus": 2948000000, "totalLiab": 76619000000, "totalStockholderEquity": 9395000000, "minorityInterest": -23000000, "otherCurrentLiab": 1767000000, "totalAssets": 86111000000, "commonStock": 2000000, "otherCurrentAssets": 357000000, "retainedEarnings": 8478000000, "otherLiab": 49500000000, "goodWill": 1335000000, "treasuryStock": -2033000000, "otherAssets": 1789000000, "cash": 5958000000, "totalCurrentLiabilities": 23242000000, "deferredLongTermAssetCharges": 479000000, "otherStockholderEquity": -576000000, "propertyPlantEquipment": 983000000, "totalCurrentAssets": 70773000000, "longTermInvestments": 10756000000, "netTangibleAssets": 7585000000, "shortTermInvestments": 16882000000, "netReceivables": 46986000000, "longTermDebt": 3391000000, "accountsPayable": 19055000000}, "2022-03-31": {"intangibleAssets": 450000000, "capitalSurplus": 2093000000, "totalLiab": 64492000000, "totalStockholderEquity": 8600000000, "minorityInterest": 7000000, "otherCurrentLiab": 499000000, "totalAssets": 73101000000, "commonStock": 2000000, "otherCurrentAssets": 467000000, "retainedEarnings": 8256000000, "otherLiab": 35688000000, "goodWill": 660000000, "treasuryStock": -1749000000, "otherAssets": 1714000000, "cash": 5715000000, "totalCurrentLiabilities": 25465000000, "deferredLongTermAssetCharges": 412000000, "otherStockholderEquity": -389000000, "propertyPlantEquipment": 934000000, "totalCurrentAssets": 60171000000, "longTermInvestments": 9172000000, "netTangibleAssets": 7726000000, "shortTermInvestments": 20102000000, "netReceivables": 33270000000, "longTermDebt": 2893000000, "accountsPayable": 22697000000}, "2021-12-31": {"intangibleAssets": 214000000, "capitalSurplus": 2055000000, "totalLiab": 59809000000, "totalStockholderEquity": 8600000000, "minorityInterest": 52000000, "otherCurrentLiab": 511000000, "totalAssets": 68461000000, "commonStock": 2000000, "otherCurrentAssets": 369000000, "retainedEarnings": 8003000000, "otherLiab": 34831000000, "goodWill": 660000000, "treasuryStock": -1460000000, "otherAssets": 1670000000, "cash": 8216000000, "totalCurrentLiabilities": 21640000000, "deferredLongTermAssetCharges": 305000000, "otherStockholderEquity": -87000000, "propertyPlantEquipment": 930000000, "totalCurrentAssets": 55770000000, "longTermInvestments": 9217000000, "netTangibleAssets": 7726000000, "shortTermInvestments": 15837000000, "netReceivables": 30769000000, "longTermDebt": 2893000000, "accountsPayable": 19201000000}, "2021-09-30": {"intangibleAssets": 222000000, "capitalSurplus": 2088000000, "totalLiab": 53588000000, "totalStockholderEquity": 8245000000, "minorityInterest": 58000000, "otherCurrentLiab": 557000000, "totalAssets": 61891000000, "commonStock": 2000000, "otherCurrentAssets": 288000000, "retainedEarnings": 7633000000, "otherLiab": 33365000000, "goodWill": 660000000, "treasuryStock": -1478000000, "otherAssets": 1532000000, "cash": 7201000000, "totalCurrentLiabilities": 16980000000, "deferredLongTermAssetCharges": 305000000, "otherStockholderEquity": -41000000, "propertyPlantEquipment": 945000000, "totalCurrentAssets": 49902000000, "longTermInvestments": 8630000000, "netTangibleAssets": 7363000000, "shortTermInvestments": 11828000000, "netReceivables": 29736000000, "longTermDebt": 2895000000, "accountsPayable": 13991000000}}}, "income": {"annual": {"2021-09-30": {"researchDevelopment": null, "effectOfAccountingCharges": null, "incomeBeforeTax": 1791000000, "minorityInterest": 58000000, "netIncome": 1403000000, "sellingGeneralAdministrative": 7038000000, "grossProfit": 9254000000, "ebit": 0, "operatingIncome": 1904000000, "otherOperatingExpenses": 312000000, "interestExpense": null, "extraordinaryItems": null, "nonRecurring": null, "otherItems": null, "incomeTaxExpense": 388000000, "totalRevenue": 9813000000, "totalOperatingExpenses": 7909000000, "costOfRevenue": 559000000, "totalOtherIncomeExpenseNet": -113000000, "discontinuedOperations": null, "netIncomeFromContinuingOps": 1403000000, "netIncomeApplicableToCommonShares": 1401000000}, "2020-09-30": {"researchDevelopment": null, "effectOfAccountingCharges": null, "incomeBeforeTax": 1052000000, "minorityInterest": 62000000, "netIncome": 818000000, "sellingGeneralAdministrative": 5915000000, "grossProfit": 7263000000, "ebit": 0, "operatingIncome": 1125000000, "otherOperatingExpenses": 223000000, "interestExpense": null, "extraordinaryItems": null, "nonRecurring": null, "otherItems": null, "incomeTaxExpense": 234000000, "totalRevenue": 7757000000, "totalOperatingExpenses": 6632000000, "costOfRevenue": 494000000, "totalOtherIncomeExpenseNet": -73000000, "discontinuedOperations": null, "netIncomeFromContinuingOps": 818000000, "netIncomeApplicableToCommonShares": 817000000}, "2019-09-30": {"researchDevelopment": null, "effectOfAccountingCharges": null, "incomeBeforeTax": 1375000000, "minorityInterest": 62000000, "netIncome": 1034000000, "sellingGeneralAdministrative": 5584000000, "grossProfit": 7226000000, "ebit": 0, "operatingIncome": 1365000000, "otherOperatingExpenses": 277000000, "interestExpense": null, "extraordinaryItems": null, "nonRecurring": null, "otherItems": null, "incomeTaxExpense": 341000000, "totalRevenue": 7693000000, "totalOperatingExpenses": 6328000000, "costOfRevenue": 467000000, "totalOtherIncomeExpenseNet": 10000000, "discontinuedOperations": null, "netIncomeFromContinuingOps": 1034000000, "netIncomeApplicableToCommonShares": 1032000000}, "2018-09-30": {"researchDevelopment": null, "effectOfAccountingCharges": null, "incomeBeforeTax": 1311000000, "minorityInterest": 84000000, "netIncome": 857000000, "sellingGeneralAdministrative": 5252000000, "grossProfit": 6792000000, "ebit": 0, "operatingIncome": 1297000000, "otherOperatingExpenses": 243000000, "interestExpense": null, "extraordinaryItems": null, "nonRecurring": null, "otherItems": null, "incomeTaxExpense": 454000000, "totalRevenue": 7236000000, "totalOperatingExpenses": 5939000000, "costOfRevenue": 444000000, "totalOtherIncomeExpenseNet": 14000000, "discontinuedOperations": null, "netIncomeFromContinuingOps": 857000000, "netIncomeApplicableToCommonShares": 856000000}}, "quarterly": {"2022-06-30": {"researchDevelopment": null, "effectOfAccountingCharges": null, "incomeBeforeTax": 415000000, "minorityInterest": -23000000, "netIncome": 301000000, "sellingGeneralAdministrative": 1995000000, "grossProfit": 2462000000, "ebit": 0, "operatingIncome": 382000000, "otherOperatingExpenses": 85000000, "interestExpense": null, "extraordinaryItems": null, "nonRecurring": null, "otherItems": null, "incomeTaxExpense": 114000000, "totalRevenue": 2629000000, "totalOperatingExpenses": 2247000000, "costOfRevenue": 167000000, "totalOtherIncomeExpenseNet": 33000000, "discontinuedOperations": null, "netIncomeFromContinuingOps": 301000000, "netIncomeApplicableToCommonShares": 298000000}, "2022-03-31": {"researchDevelopment": null, "effectOfAccountingCharges": null, "incomeBeforeTax": 433000000, "minorityInterest": 7000000, "netIncome": 323000000, "sellingGeneralAdministrative": 1970000000, "grossProfit": 2485000000, "ebit": 0, "operatingIncome": 444000000, "otherOperatingExpenses": 71000000, "interestExpense": null, "extraordinaryItems": null, "nonRecurring": null, "otherItems": null, "incomeTaxExpense": 110000000, "totalRevenue": 2652000000, "totalOperatingExpenses": 2208000000, "costOfRevenue": 167000000, "totalOtherIncomeExpenseNet": -13000000, "discontinuedOperations": null, "netIncomeFromContinuingOps": 323000000, "netIncomeApplicableToCommonShares": 323000000}, "2021-12-31": {"researchDevelopment": null, "effectOfAccountingCharges": null, "incomeBeforeTax": 558000000, "minorityInterest": 52000000, "netIncome": 446000000, "sellingGeneralAdministrative": 2004000000, "grossProfit": 2643000000, "ebit": 0, "operatingIncome": 566000000, "otherOperatingExpenses": 73000000, "interestExpense": null, "extraordinaryItems": null, "nonRecurring": null, "otherItems": null, "incomeTaxExpense": 112000000, "totalRevenue": 2793000000, "totalOperatingExpenses": 2227000000, "costOfRevenue": 150000000, "totalOtherIncomeExpenseNet": -8000000, "discontinuedOperations": null, "netIncomeFromContinuingOps": 446000000, "netIncomeApplicableToCommonShares": 445000000}, "2021-09-30": {"researchDevelopment": null, "effectOfAccountingCharges": null, "incomeBeforeTax": 560000000, "minorityInterest": 58000000, "netIncome": 429000000, "sellingGeneralAdministrative": 1902000000, "grossProfit": 2521000000, "ebit": 0, "operatingIncome": 545000000, "otherOperatingExpenses": 74000000, "interestExpense": null, "extraordinaryItems": null, "nonRecurring": null, "otherItems": null, "incomeTaxExpense": 131000000, "totalRevenue": 2672000000, "totalOperatingExpenses": 2127000000, "costOfRevenue": 151000000, "totalOtherIncomeExpenseNet": 15000000, "discontinuedOperations": null, "netIncomeFromContinuingOps": 429000000, "netIncomeApplicableToCommonShares": 428000000}}}, "cash": {"annual": {"2021-09-30": {"investments": -1068000000, "changeToLiabilities": 7284000000, "totalCashflowsFromInvestingActivities": -5140000000, "netBorrowings": -138000000, "totalCashFromFinancingActivities": 5254000000, "changeToOperatingActivities": -1875000000, "issuanceOfStock": 53000000, "netIncome": 1403000000, "changeInCash": 6815000000, "repurchaseOfStock": -128000000, "effectOfExchangeRate": 76000000, "totalCashFromOperatingActivities": 6625000000, "depreciation": 72000000, "otherCashflowsFromInvestingActivities": 8000000, "dividendsPaid": -218000000, "changeToAccountReceivables": -420000000, "otherCashflowsFromFinancingActivities": 5685000000, "changeToNetincome": 99000000, "capitalExpenditures": -74000000}, "2020-09-30": {"investments": -4300000000, "changeToLiabilities": 2486000000, "totalCashflowsFromInvestingActivities": -4985000000, "netBorrowings": 489000000, "totalCashFromFinancingActivities": 4593000000, "changeToOperatingActivities": 52000000, "issuanceOfStock": 62000000, "netIncome": 818000000, "changeInCash": 3663000000, "repurchaseOfStock": -272000000, "effectOfExchangeRate": 1000000, "totalCashFromOperatingActivities": 4054000000, "depreciation": 65000000, "otherCashflowsFromInvestingActivities": -54000000, "dividendsPaid": -205000000, "changeToAccountReceivables": 127000000, "otherCashflowsFromFinancingActivities": 4519000000, "changeToNetincome": 452000000, "capitalExpenditures": -124000000}, "2019-09-30": {"investments": -383000000, "changeToLiabilities": -1231000000, "totalCashflowsFromInvestingActivities": -1897000000, "netBorrowings": -5000000, "totalCashFromFinancingActivities": 1373000000, "changeToOperatingActivities": -274000000, "issuanceOfStock": 65000000, "netIncome": 1034000000, "changeInCash": 30000000, "repurchaseOfStock": -778000000, "effectOfExchangeRate": -23000000, "totalCashFromOperatingActivities": 577000000, "depreciation": 63000000, "otherCashflowsFromInvestingActivities": -1000000, "dividendsPaid": -191000000, "changeToAccountReceivables": 682000000, "otherCashflowsFromFinancingActivities": 2282000000, "changeToNetincome": 254000000, "capitalExpenditures": -138000000}, "2018-09-30": {"investments": -584000000, "changeToLiabilities": 346000000, "totalCashflowsFromInvestingActivities": -3476000000, "netBorrowings": -615000000, "totalCashFromFinancingActivities": 1420000000, "changeToOperatingActivities": -108000000, "issuanceOfStock": 63000000, "netIncome": 857000000, "changeInCash": -1205000000, "repurchaseOfStock": -62000000, "effectOfExchangeRate": -33000000, "totalCashFromOperatingActivities": 884000000, "depreciation": 55000000, "otherCashflowsFromInvestingActivities": 26000000, "dividendsPaid": -151000000, "changeToAccountReceivables": -491000000, "otherCashflowsFromFinancingActivities": 2185000000, "changeToNetincome": 181000000, "capitalExpenditures": -134000000}}, "quarterly": {"2022-06-30": {"investments": -308000000, "changeToLiabilities": -3571000000, "totalCashflowsFromInvestingActivities": -2716000000, "netBorrowings": 121000000, "totalCashFromFinancingActivities": 2573000000, "changeToOperatingActivities": 8342000000, "issuanceOfStock": 12000000, "netIncome": 301000000, "changeInCash": 5357000000, "repurchaseOfStock": -101000000, "effectOfExchangeRate": -240000000, "totalCashFromOperatingActivities": 5740000000, "depreciation": 36000000, "otherCashflowsFromInvestingActivities": -10000000, "dividendsPaid": -69000000, "changeToAccountReceivables": 242000000, "otherCashflowsFromFinancingActivities": 2610000000, "changeToNetincome": 390000000, "capitalExpenditures": -26000000}, "2022-03-31": {"investments": -797000000, "changeToLiabilities": 1535000000, "totalCashflowsFromInvestingActivities": -848000000, "netBorrowings": -1000000, "totalCashFromFinancingActivities": 528000000, "changeToOperatingActivities": -313000000, "issuanceOfStock": 15000000, "netIncome": 323000000, "changeInCash": 745000000, "repurchaseOfStock": -8000000, "effectOfExchangeRate": -52000000, "totalCashFromOperatingActivities": 1117000000, "depreciation": 34000000, "otherCashflowsFromInvestingActivities": -45000000, "dividendsPaid": -71000000, "changeToAccountReceivables": -496000000, "otherCashflowsFromFinancingActivities": 593000000, "changeToNetincome": 34000000, "capitalExpenditures": -23000000}, "2021-12-31": {"investments": -323000000, "changeToLiabilities": 5021000000, "totalCashflowsFromInvestingActivities": -1555000000, "netBorrowings": -1000000, "totalCashFromFinancingActivities": 1497000000, "changeToOperatingActivities": -7989000000, "issuanceOfStock": 17000000, "netIncome": 446000000, "changeInCash": -2342000000, "repurchaseOfStock": -51000000, "effectOfExchangeRate": 3000000, "totalCashFromOperatingActivities": -2287000000, "depreciation": 35000000, "otherCashflowsFromInvestingActivities": -151000000, "dividendsPaid": -60000000, "changeToAccountReceivables": 197000000, "otherCashflowsFromFinancingActivities": 1592000000, "changeToNetincome": 3000000, "capitalExpenditures": -19000000}, "2021-09-30": {"investments": -614000000, "changeToLiabilities": 2611000000, "totalCashflowsFromInvestingActivities": -1983000000, "netBorrowings": -2000000, "totalCashFromFinancingActivities": 2105000000, "changeToOperatingActivities": 1367000000, "issuanceOfStock": 11000000, "netIncome": 429000000, "changeInCash": 4585000000, "repurchaseOfStock": -1000000, "effectOfExchangeRate": -38000000, "totalCashFromOperatingActivities": 4501000000, "depreciation": -25000000, "otherCashflowsFromInvestingActivities": -5000000, "dividendsPaid": -55000000, "changeToAccountReceivables": 5000000, "otherCashflowsFromFinancingActivities": 2152000000, "changeToNetincome": 52000000, "capitalExpenditures": 25000000}}}}, "BEN": {"balance": {"annual": {"2021-09-30": {"intangibleAssets": 4710200000, "totalLiab": 11424800000, "totalStockholderEquity": 11223400000, "minorityInterest": 1520200000, "otherCurrentLiab": 1324500000, "totalAssets": 24168400000, "commonStock": 50200000, "otherCurrentAssets": 6109500000, "retainedEarnings": 11550800000, "otherLiab": 4264100000, "goodWill": 4457700000, "treasuryStock": -377600000, "otherAssets": 376300000, "cash": 4357800000, "totalCurrentLiabilities": 3372200000, "deferredLongTermAssetCharges": 131900000, "otherStockholderEquity": -377600000, "propertyPlantEquipment": 1218400000, "totalCurrentAssets": 11895500000, "longTermInvestments": 1510300000, "netTangibleAssets": 2055500000, "netReceivables": 1428200000, "longTermDebt": 3399400000, "accountsPayable": 479300000}, "2020-09-30": {"intangibleAssets": 4914200000, "totalLiab": 10273500000, "totalStockholderEquity": 10114500000, "minorityInterest": 1296500000, "otherCurrentLiab": 1314500000, "totalAssets": 21684500000, "commonStock": 49500000, "otherCurrentAssets": 5037000000, "retainedEarnings": 10472600000, "otherLiab": 3562000000, "goodWill": 4500800000, "treasuryStock": -407600000, "otherAssets": 319500000, "cash": 3026800000, "totalCurrentLiabilities": 3073400000, "deferredLongTermAssetCharges": 44100000, "otherStockholderEquity": -407600000, "propertyPlantEquipment": 1348600000, "totalCurrentAssets": 9296900000, "longTermInvestments": 1304500000, "netTangibleAssets": 699500000, "netReceivables": 1233100000, "longTermDebt": 3017100000, "accountsPayable": 426900000}, "2019-09-30": {"intangibleAssets": 864200000, "totalLiab": 3161300000, "totalStockholderEquity": 9906500000, "minorityInterest": 1464400000, "otherCurrentLiab": 1043600000, "totalAssets": 14532200000, "commonStock": 49900000, "otherCurrentAssets": 2557100000, "retainedEarnings": 10288200000, "otherLiab": 441500000, "goodWill": 2130300000, "treasuryStock": -431600000, "otherAssets": 197700000, "cash": 5803400000, "totalCurrentLiabilities": 2022900000, "deferredLongTermAssetCharges": 20800000, "otherStockholderEquity": -431600000, "propertyPlantEquipment": 683700000, "totalCurrentAssets": 9100500000, "longTermInvestments": 1555800000, "netTangibleAssets": 6912000000, "netReceivables": 740000000, "longTermDebt": 696900000, "accountsPayable": 222900000}, "2018-09-30": {"intangibleAssets": 538600000, "totalLiab": 3132000000, "totalStockholderEquity": 9899200000, "minorityInterest": 1352300000, "otherCurrentLiab": 1230500000, "totalAssets": 14383500000, "commonStock": 51900000, "otherCurrentAssets": 2523400000, "retainedEarnings": 10217900000, "otherLiab": 343200000, "goodWill": 1794800000, "treasuryStock": -370600000, "otherAssets": 220700000, "cash": 6610800000, "totalCurrentLiabilities": 2092900000, "deferredLongTermAssetCharges": 17300000, "otherStockholderEquity": -370600000, "propertyPlantEquipment": 535000000, "totalCurrentAssets": 10213600000, "longTermInvestments": 1080800000, "netTangibleAssets": 7565800000, "netReceivables": 733700000, "longTermDebt": 695900000, "accountsPayable": 158900000}}, "quarterly": {"2022-06-30": {"intangibleAssets": 5177400000, "totalLiab": 13817200000, "totalStockholderEquity": 11543700000, "minorityInterest": 2235100000, "otherCurrentLiab": 1072000000, "totalAssets": 27596000000, "commonStock": 49800000, "otherCurrentAssets": 8147700000, "retainedEarnings": 11997500000, "otherLiab": 6821900000, "goodWill": 5807100000, "treasuryStock": -503600000, "otherAssets": 338300000, "cash": 3806300000, "totalCurrentLiabilities": 3057800000, "otherStockholderEquity": -503600000, "propertyPlantEquipment": 1245900000, "totalCurrentAssets": 13368800000, "longTermInvestments": 1658500000, "netTangibleAssets": 559200000, "netReceivables": 1414800000, "longTermDebt": 3382200000, "accountsPayable": 541700000}, "2022-03-31": {"totalCurrentAssets": 13520000000, "longTermInvestments": 1398400000, "otherCurrentLiab": 1265700000, "otherLiab": 5639700000, "totalCurrentLiabilities": 3014900000}, "2021-12-31": {"intangibleAssets": 4784400000, "totalLiab": 11815300000, "totalStockholderEquity": 11552900000, "minorityInterest": 1626900000, "otherCurrentLiab": 1684400000, "totalAssets": 24995100000, "commonStock": 50300000, "otherCurrentAssets": 6707100000, "retainedEarnings": 11892200000, "otherLiab": 4583400000, "goodWill": 4724500000, "treasuryStock": -389600000, "otherAssets": 323500000, "cash": 4178800000, "totalCurrentLiabilities": 3346900000, "otherStockholderEquity": -389600000, "propertyPlantEquipment": 1178900000, "totalCurrentAssets": 12320600000, "longTermInvestments": 1663200000, "netTangibleAssets": 2044000000, "netReceivables": 1434700000, "longTermDebt": 3393700000, "accountsPayable": 519400000}, "2021-09-30": {"intangibleAssets": 4710200000, "totalLiab": 11424800000, "totalStockholderEquity": 11223400000, "minorityInterest": 1520200000, "otherCurrentLiab": 1324500000, "totalAssets": 24168400000, "commonStock": 50200000, "otherCurrentAssets": 6109500000, "retainedEarnings": 11550800000, "otherLiab": 4264100000, "goodWill": 4457700000, "treasuryStock": -377600000, "otherAssets": 376300000, "cash": 4357800000, "totalCurrentLiabilities": 3372200000, "deferredLongTermAssetCharges": 131900000, "otherStockholderEquity": -377600000, "propertyPlantEquipment": 1218400000, "totalCurrentAssets": 11895500000, "longTermInvestments": 1510300000, "netTangibleAssets": 2055500000, "netReceivables": 1428200000, "longTermDebt": 3399400000, "accountsPayable": 479300000}}}, "income": {"annual": {"2021-09-30": {"researchDevelopment": null, "effectOfAccountingCharges": null, "incomeBeforeTax": 2444200000, "minorityInterest": 1520200000, "netIncome": 1831200000, "sellingGeneralAdministrative": 1234700000, "grossProfit": 3539200000, "ebit": 2072500000, "operatingIncome": 2072500000, "otherOperatingExpenses": null, "interestExpense": -85400000, "extraordinaryItems": null, "nonRecurring": null, "otherItems": null, "incomeTaxExpense": 349600000, "totalRevenue": 8425500000, "totalOperatingExpenses": 6353000000, "costOfRevenue": 4886300000, "totalOtherIncomeExpenseNet": 371700000, "discontinuedOperations": null, "netIncomeFromContinuingOps": 2094600000, "netIncomeApplicableToCommonShares": 1753500000}, "2020-09-30": {"researchDevelopment": null, "effectOfAccountingCharges": null, "incomeBeforeTax": 1017900000, "minorityInterest": 1296500000, "netIncome": 798900000, "sellingGeneralAdministrative": 773800000, "grossProfit": 2240100000, "ebit": 1412300000, "operatingIncome": 1412300000, "otherOperatingExpenses": null, "interestExpense": -33400000, "extraordinaryItems": null, "nonRecurring": null, "otherItems": null, "incomeTaxExpense": 230800000, "totalRevenue": 5566500000, "totalOperatingExpenses": 4154200000, "costOfRevenue": 3326400000, "totalOtherIncomeExpenseNet": -394400000, "discontinuedOperations": null, "netIncomeFromContinuingOps": 787100000, "netIncomeApplicableToCommonShares": 783600000}, "2019-09-30": {"researchDevelopment": null, "effectOfAccountingCharges": null, "incomeBeforeTax": 1647800000, "minorityInterest": 1464400000, "netIncome": 1195700000, "sellingGeneralAdministrative": 760800000, "grossProfit": 2384300000, "ebit": 1608800000, "operatingIncome": 1608800000, "otherOperatingExpenses": null, "interestExpense": -22400000, "extraordinaryItems": null, "nonRecurring": null, "otherItems": null, "incomeTaxExpense": 442300000, "totalRevenue": 5669400000, "totalOperatingExpenses": 4060600000, "costOfRevenue": 3285100000, "totalOtherIncomeExpenseNet": 39000000, "discontinuedOperations": null, "netIncomeFromContinuingOps": 1205500000, "netIncomeApplicableToCommonShares": 1184800000}, "2018-09-30": {"researchDevelopment": null, "effectOfAccountingCharges": null, "incomeBeforeTax": 2215200000, "minorityInterest": 1352300000, "netIncome": 764400000, "sellingGeneralAdministrative": 717200000, "grossProfit": 2782100000, "ebit": 2063100000, "operatingIncome": 2063100000, "otherOperatingExpenses": null, "interestExpense": -46300000, "extraordinaryItems": null, "nonRecurring": null, "otherItems": null, "incomeTaxExpense": 1472500000, "totalRevenue": 6204500000, "totalOperatingExpenses": 4141400000, "costOfRevenue": 3422400000, "totalOtherIncomeExpenseNet": 152100000, "discontinuedOperations": null, "netIncomeFromContinuingOps": 742700000, "netIncomeApplicableToCommonShares": 746800000}}, "quarterly": {"2022-06-30": {"researchDevelopment": null, "effectOfAccountingCharges": null, "incomeBeforeTax": 313100000, "minorityInterest": 2235100000, "netIncome": 256400000, "sellingGeneralAdministrative": 337800000, "grossProfit": 869200000, "ebit": 449600000, "operatingIncome": 449600000, "otherOperatingExpenses": null, "interestExpense": -28900000, "extraordinaryItems": null, "nonRecurring": null, "otherItems": null, "incomeTaxExpense": 89500000, "totalRevenue": 2031300000, "totalOperatingExpenses": 1581700000, "costOfRevenue": 1162100000, "totalOtherIncomeExpenseNet": -136500000, "discontinuedOperations": null, "netIncomeFromContinuingOps": 223600000, "netIncomeApplicableToCommonShares": 245200000}, "2022-03-31": {"researchDevelopment": null, "effectOfAccountingCharges": null, "incomeBeforeTax": 313100000, "minorityInterest": 2235100000, "netIncome": 0, "sellingGeneralAdministrative": 307000000, "grossProfit": 884700000, "ebit": 517300000, "operatingIncome": 517300000, "otherOperatingExpenses": null, "interestExpense": -28900000, "extraordinaryItems": null, "nonRecurring": null, "otherItems": null, "incomeTaxExpense": 0, "totalRevenue": 0, "totalOperatingExpenses": 1563700000, "costOfRevenue": 1196300000, "totalOtherIncomeExpenseNet": -51100000, "discontinuedOperations": null, "netIncomeFromContinuingOps": 0, "netIncomeApplicableToCommonShares": 334500000}, "2021-12-31": {"researchDevelopment": null, "effectOfAccountingCharges": null, "incomeBeforeTax": 695900000, "minorityInterest": 1626900000, "netIncome": 453200000, "sellingGeneralAdministrative": 296400000, "grossProfit": 954000000, "ebit": 599300000, "operatingIncome": 599300000, "otherOperatingExpenses": null, "interestExpense": -19300000, "extraordinaryItems": null, "nonRecurring": null, "otherItems": null, "incomeTaxExpense": 151100000, "totalRevenue": 2224000000, "totalOperatingExpenses": 1624700000, "costOfRevenue": 1270000000, "totalOtherIncomeExpenseNet": 96600000, "discontinuedOperations": null, "netIncomeFromContinuingOps": 544800000, "netIncomeApplicableToCommonShares": 433900000}, "2021-09-30": {"researchDevelopment": null, "effectOfAccountingCharges": null, "incomeBeforeTax": 738000000, "minorityInterest": 1520200000, "netIncome": 665700000, "sellingGeneralAdministrative": 323000000, "grossProfit": 952200000, "ebit": 571300000, "operatingIncome": 571300000, "otherOperatingExpenses": null, "interestExpense": -14100000, "extraordinaryItems": null, "nonRecurring": null, "otherItems": null, "incomeTaxExpense": -4800000, "totalRevenue": 2181000000, "totalOperatingExpenses": 1609700000, "costOfRevenue": 1228800000, "totalOtherIncomeExpenseNet": 166700000, "discontinuedOperations": null, "netIncomeFromContinuingOps": 742800000, "netIncomeApplicableToCommonShares": 638600000}}}, "cash": {"annual": {"2021-09-30": {"investments": -2206900000, "changeToLiabilities": -26800000, "totalCashflowsFromInvestingActivities": -2615900000, "netBorrowings": 2066100000, "totalCashFromFinancingActivities": 2030100000, "changeToOperatingActivities": 119400000, "issuanceOfStock": 22300000, "netIncome": 1831200000, "changeInCash": 657400000, "repurchaseOfStock": -208200000, "effectOfExchangeRate": -2200000, "totalCashFromOperatingActivities": 1245400000, "depreciation": 310600000, "otherCashflowsFromInvestingActivities": 20300000, "dividendsPaid": -559700000, "changeToAccountReceivables": -182500000, "otherCashflowsFromFinancingActivities": 709600000, "changeToNetincome": -872200000, "capitalExpenditures": -79300000}, "2020-09-30": {"investments": -683400000, "changeToLiabilities": -26800000, "totalCashflowsFromInvestingActivities": -4061900000, "netBorrowings": 1056300000, "totalCashFromFinancingActivities": 734400000, "changeToOperatingActivities": 493000000, "issuanceOfStock": 20600000, "netIncome": 798900000, "changeInCash": -2216800000, "repurchaseOfStock": -218200000, "effectOfExchangeRate": 27400000, "totalCashFromOperatingActivities": 1083300000, "depreciation": 128500000, "otherCashflowsFromInvestingActivities": 20300000, "dividendsPaid": -533200000, "changeToAccountReceivables": 134700000, "otherCashflowsFromFinancingActivities": 408900000, "changeToNetincome": -402300000, "capitalExpenditures": -103700000}, "2019-09-30": {"investments": -439700000, "changeToLiabilities": 234200000, "totalCashflowsFromInvestingActivities": -1275400000, "netBorrowings": 459900000, "totalCashFromFinancingActivities": 339900000, "changeToOperatingActivities": 187900000, "issuanceOfStock": 23300000, "netIncome": 1195700000, "changeInCash": -704000000, "repurchaseOfStock": -754500000, "effectOfExchangeRate": -37000000, "totalCashFromOperatingActivities": 268500000, "depreciation": 93400000, "otherCashflowsFromInvestingActivities": 20300000, "dividendsPaid": -518600000, "changeToAccountReceivables": -63500000, "otherCashflowsFromFinancingActivities": 1129800000, "changeToNetincome": -1254900000, "capitalExpenditures": -233700000}, "2018-09-30": {"investments": -72500000, "changeToLiabilities": -17200000, "totalCashflowsFromInvestingActivities": -290400000, "netBorrowings": -382900000, "totalCashFromFinancingActivities": -3761700000, "changeToOperatingActivities": -5200000, "issuanceOfStock": 24800000, "netIncome": 764400000, "changeInCash": -1839100000, "repurchaseOfStock": -1424800000, "effectOfExchangeRate": -16700000, "totalCashFromOperatingActivities": 2229700000, "depreciation": 76400000, "otherCashflowsFromInvestingActivities": 20300000, "dividendsPaid": -496823000, "changeToAccountReceivables": -90100000, "otherCashflowsFromFinancingActivities": 138100000, "changeToNetincome": 455500000, "capitalExpenditures": -106500000}}, "quarterly": {"2022-06-30": {"investments": -740200000, "changeToLiabilities": 91400000, "totalCashflowsFromInvestingActivities": -1528600000, "netBorrowings": 468900000, "totalCashFromFinancingActivities": 213300000, "changeToOperatingActivities": 175500000, "netIncome": 256400000, "changeInCash": -536000000, "repurchaseOfStock": -49700000, "effectOfExchangeRate": -40500000, "totalCashFromOperatingActivities": 819800000, "depreciation": 107900000, "otherCashflowsFromInvestingActivities": 8300000, "dividendsPaid": -146600000, "changeToAccountReceivables": 24300000, "otherCashflowsFromFinancingActivities": -59300000, "changeToNetincome": 221100000, "capitalExpenditures": -13100000}, "2022-03-31": {"investments": -740200000, "changeToLiabilities": 0, "totalCashflowsFromInvestingActivities": -1528600000, "netBorrowings": 468900000, "totalCashFromFinancingActivities": 213300000, "changeToOperatingActivities": 175500000, "netIncome": 0, "changeInCash": -536000000, "repurchaseOfStock": -49700000, "effectOfExchangeRate": -40500000, "totalCashFromOperatingActivities": 819800000, "depreciation": 107900000, "otherCashflowsFromInvestingActivities": 8300000, "dividendsPaid": -146600000, "changeToAccountReceivables": 24300000, "otherCashflowsFromFinancingActivities": -59300000, "changeToNetincome": 221100000, "capitalExpenditures": -13100000}, "2021-12-31": {"investments": -336900000, "changeToLiabilities": 2500000, "totalCashflowsFromInvestingActivities": -728600000, "netBorrowings": 499500000, "totalCashFromFinancingActivities": 467300000, "changeToOperatingActivities": -340400000, "netIncome": 453200000, "changeInCash": -102900000, "repurchaseOfStock": -21700000, "effectOfExchangeRate": -8000000, "totalCashFromOperatingActivities": 166400000, "depreciation": 80700000, "otherCashflowsFromInvestingActivities": 3900000, "dividendsPaid": -143100000, "changeToAccountReceivables": -140600000, "otherCashflowsFromFinancingActivities": 132600000, "changeToNetincome": -81900000, "capitalExpenditures": -16700000}, "2021-09-30": {"investments": -383400000, "changeToLiabilities": -40600000, "totalCashflowsFromInvestingActivities": -679900000, "netBorrowings": 420300000, "totalCashFromFinancingActivities": 487200000, "changeToOperatingActivities": 193100000, "issuanceOfStock": 11300000, "netIncome": 665700000, "changeInCash": 286100000, "repurchaseOfStock": -72400000, "effectOfExchangeRate": -27300000, "totalCashFromOperatingActivities": 506100000, "depreciation": 65600000, "otherCashflowsFromInvestingActivities": 4700000, "dividendsPaid": -141100000, "changeToAccountReceivables": -67300000, "otherCashflowsFromFinancingActivities": 269100000, "changeToNetincome": -367700000, "capitalExpenditures": -44400000}}}}, "CBOE": {"balance": {"annual": {"2021-12-31": {"intangibleAssets": 1707100000, "capitalSurplus": 1509400000, "totalLiab": 3209700000, "totalStockholderEquity": 3604800000, "otherCurrentLiab": 873900000, "totalAssets": 6814500000, "commonStock": 1100000, "otherCurrentAssets": 782700000, "retainedEarnings": 2145500000, "otherLiab": 611900000, "goodWill": 3025400000, "treasuryStock": -51200000, "otherAssets": 87300000, "cash": 341900000, "totalCurrentLiabilities": 1169300000, "otherStockholderEquity": 55600000, "propertyPlantEquipment": 217600000, "totalCurrentAssets": 1531300000, "longTermInvestments": 245800000, "netTangibleAssets": -1127700000, "shortTermInvestments": 37100000, "netReceivables": 369600000, "longTermDebt": 1299300000, "accountsPayable": 19500000}, "2020-12-31": {"intangibleAssets": 1766500000, "capitalSurplus": 2713300000, "totalLiab": 3167600000, "totalStockholderEquity": 3348900000, "otherCurrentLiab": 994600000, "totalAssets": 6516500000, "commonStock": 1200000, "otherCurrentAssets": 838600000, "retainedEarnings": 1809800000, "otherLiab": 587000000, "goodWill": 2895100000, "treasuryStock": -1175400000, "otherAssets": 51800000, "cash": 245400000, "totalCurrentLiabilities": 1313300000, "shortLongTermDebt": 68700000, "otherStockholderEquity": 75000000, "propertyPlantEquipment": 193600000, "totalCurrentAssets": 1566800000, "longTermInvestments": 42700000, "netTangibleAssets": -1312700000, "shortTermInvestments": 92400000, "netReceivables": 390400000, "longTermDebt": 1135200000, "accountsPayable": 28500000}, "2019-12-31": {"intangibleAssets": 1619600000, "capitalSurplus": 2691300000, "totalLiab": 1758300000, "totalStockholderEquity": 3355600000, "otherCurrentLiab": 109700000, "totalAssets": 5113900000, "commonStock": 1200000, "otherCurrentAssets": 15800000, "retainedEarnings": 1512600000, "otherLiab": 562400000, "goodWill": 2682100000, "treasuryStock": -849500000, "otherAssets": 43000000, "cash": 229300000, "totalCurrentLiabilities": 281600000, "otherStockholderEquity": 37600000, "propertyPlantEquipment": 100400000, "totalCurrentAssets": 607600000, "longTermInvestments": 61200000, "netTangibleAssets": -946100000, "shortTermInvestments": 71000000, "netReceivables": 291500000, "longTermDebt": 867600000, "accountsPayable": 21000000}, "2018-12-31": {"intangibleAssets": 1754700000, "capitalSurplus": 2660200000, "totalLiab": 2070600000, "totalStockholderEquity": 3241000000, "minorityInterest": 9400000, "otherCurrentLiab": 97600000, "totalAssets": 5321000000, "commonStock": 1200000, "otherCurrentAssets": 15200000, "retainedEarnings": 1288200000, "otherLiab": 559100000, "goodWill": 2691400000, "treasuryStock": -708600000, "otherAssets": 28400000, "cash": 275100000, "totalCurrentLiabilities": 595900000, "shortLongTermDebt": 299800000, "otherStockholderEquity": 11500000, "propertyPlantEquipment": 76600000, "totalCurrentAssets": 683700000, "longTermInvestments": 86200000, "netTangibleAssets": -1205100000, "shortTermInvestments": 35700000, "netReceivables": 357700000, "longTermDebt": 915600000, "accountsPayable": 12800000}}, "quarterly": {"2022-06-30": {"intangibleAssets": 1832500000, "capitalSurplus": 1525700000, "totalLiab": 4214200000, "totalStockholderEquity": 3261900000, "otherCurrentLiab": 1193700000, "totalAssets": 7476100000, "commonStock": 1100000, "otherCurrentAssets": 1048600000, "retainedEarnings": 1968000000, "otherLiab": 516000000, "goodWill": 3132000000, "treasuryStock": -232900000, "otherAssets": 100700000, "cash": 373300000, "totalCurrentLiabilities": 1599600000, "otherStockholderEquity": -31900000, "propertyPlantEquipment": 234600000, "totalCurrentAssets": 1932800000, "longTermInvestments": 243500000, "netTangibleAssets": -1702600000, "shortTermInvestments": 68500000, "netReceivables": 442400000, "longTermDebt": 1959200000, "accountsPayable": 35200000}, "2022-03-31": {"intangibleAssets": 1665800000, "capitalSurplus": 1518600000, "totalLiab": 4630800000, "totalStockholderEquity": 3567300000, "otherCurrentLiab": 1954000000, "totalAssets": 8198100000, "commonStock": 1100000, "otherCurrentAssets": 1846800000, "retainedEarnings": 2203700000, "otherLiab": 554800000, "goodWill": 3018100000, "treasuryStock": -156100000, "otherAssets": 103000000, "cash": 659400000, "totalCurrentLiabilities": 2341100000, "otherStockholderEquity": 29100000, "propertyPlantEquipment": 231500000, "totalCurrentAssets": 2935200000, "longTermInvestments": 244500000, "netTangibleAssets": -1116600000, "shortTermInvestments": 48700000, "netReceivables": 380300000, "longTermDebt": 1593600000, "accountsPayable": 21200000}, "2021-12-31": {"intangibleAssets": 1707100000, "capitalSurplus": 1509400000, "totalLiab": 3209700000, "totalStockholderEquity": 3604800000, "otherCurrentLiab": 873900000, "totalAssets": 6814500000, "commonStock": 1100000, "otherCurrentAssets": 782700000, "retainedEarnings": 2145500000, "otherLiab": 611900000, "goodWill": 3025400000, "treasuryStock": -51200000, "otherAssets": 87300000, "cash": 341900000, "totalCurrentLiabilities": 1169300000, "otherStockholderEquity": 55600000, "propertyPlantEquipment": 217600000, "totalCurrentAssets": 1531300000, "longTermInvestments": 245800000, "netTangibleAssets": -1127700000, "shortTermInvestments": 37100000, "netReceivables": 369600000, "longTermDebt": 1299300000, "accountsPayable": 19500000}, "2021-09-30": {"intangibleAssets": 1740000000, "capitalSurplus": 2736300000, "totalLiab": 4085700000, "totalStockholderEquity": 3497000000, "otherCurrentLiab": 1758100000, "totalAssets": 7582700000, "commonStock": 1300000, "otherCurrentAssets": 1707200000, "retainedEarnings": 2031100000, "otherLiab": 636200000, "goodWill": 3024700000, "treasuryStock": -1271700000, "otherAssets": 64400000, "cash": 392400000, "totalCurrentLiabilities": 2017700000, "otherStockholderEquity": 66000000, "propertyPlantEquipment": 218800000, "totalCurrentAssets": 2498800000, "longTermInvestments": 36000000, "netTangibleAssets": -1267700000, "shortTermInvestments": 26700000, "netReceivables": 372500000, "longTermDebt": 1298900000, "accountsPayable": 18700000}}}, "income": {"annual": {"2021-12-31": {"researchDevelopment": null, "effectOfAccountingCharges": null, "incomeBeforeTax": 756100000, "minorityInterest": null, "netIncome": 529000000, "sellingGeneralAdministrative": 470800000, "grossProfit": 1476100000, "ebit": 818800000, "operatingIncome": 818800000, "otherOperatingExpenses": 19100000, "interestExpense": -48000000, "extraordinaryItems": null, "nonRecurring": null, "otherItems": null, "incomeTaxExpense": 227100000, "totalRevenue": 3494800000, "totalOperatingExpenses": 2676000000, "costOfRevenue": 2018700000, "totalOtherIncomeExpenseNet": -62700000, "discontinuedOperations": null, "netIncomeFromContinuingOps": 529000000, "netIncomeApplicableToCommonShares": 527300000}, "2020-12-31": {"researchDevelopment": null, "effectOfAccountingCharges": null, "incomeBeforeTax": 660400000, "minorityInterest": null, "netIncome": 468200000, "sellingGeneralAdministrative": 364200000, "grossProfit": 1254300000, "ebit": 714100000, "operatingIncome": 714100000, "otherOperatingExpenses": 17500000, "interestExpense": -38700000, "extraordinaryItems": null, "nonRecurring": null, "otherItems": null, "incomeTaxExpense": 192200000, "totalRevenue": 3427100000, "totalOperatingExpenses": 2713000000, "costOfRevenue": 2172800000, "totalOtherIncomeExpenseNet": -53700000, "discontinuedOperations": null, "netIncomeFromContinuingOps": 468200000, "netIncomeApplicableToCommonShares": 467000000}, "2019-12-31": {"researchDevelopment": null, "effectOfAccountingCharges": null, "incomeBeforeTax": 501400000, "minorityInterest": null, "netIncome": 374900000, "sellingGeneralAdministrative": 336400000, "grossProfit": 1136900000, "ebit": 609100000, "operatingIncome": 609100000, "otherOperatingExpenses": 14800000, "interestExpense": -37800000, "extraordinaryItems": null, "nonRecurring": null, "otherItems": null, "incomeTaxExpense": 130600000, "totalRevenue": 2496100000, "totalOperatingExpenses": 1887000000, "costOfRevenue": 1359200000, "totalOtherIncomeExpenseNet": -107700000, "discontinuedOperations": null, "netIncomeFromContinuingOps": 370800000, "netIncomeApplicableToCommonShares": 372700000}, "2018-12-31": {"researchDevelopment": null, "effectOfAccountingCharges": null, "incomeBeforeTax": 571200000, "minorityInterest": 9400000, "netIncome": 426500000, "sellingGeneralAdministrative": 369500000, "grossProfit": 1216900000, "ebit": 629400000, "operatingIncome": 629400000, "otherOperatingExpenses": 14000000, "interestExpense": -40500000, "extraordinaryItems": null, "nonRecurring": null, "otherItems": null, "incomeTaxExpense": 146000000, "totalRevenue": 2768800000, "totalOperatingExpenses": 2139400000, "costOfRevenue": 1551900000, "totalOtherIncomeExpenseNet": -58200000, "discontinuedOperations": null, "netIncomeFromContinuingOps": 425200000, "netIncomeApplicableToCommonShares": 422100000}}, "quarterly": {"2022-06-30": {"researchDevelopment": null, "effectOfAccountingCharges": null, "incomeBeforeTax": -256800000, "minorityInterest": null, "netIncome": -184500000, "sellingGeneralAdministrative": 140500000, "grossProfit": 424100000, "ebit": 237000000, "operatingIncome": 237000000, "otherOperatingExpenses": 6400000, "interestExpense": -15100000, "extraordinaryItems": null, "nonRecurring": null, "otherItems": null, "incomeTaxExpense": -72300000, "totalRevenue": 985800000, "totalOperatingExpenses": 748800000, "costOfRevenue": 561700000, "totalOtherIncomeExpenseNet": -493800000, "discontinuedOperations": null, "netIncomeFromContinuingOps": -184500000, "netIncomeApplicableToCommonShares": -184500000}, "2022-03-31": {"researchDevelopment": null, "effectOfAccountingCharges": null, "incomeBeforeTax": 224900000, "minorityInterest": null, "netIncome": 109600000, "sellingGeneralAdministrative": 129500000, "grossProfit": 418100000, "ebit": 241700000, "operatingIncome": 241700000, "otherOperatingExpenses": 6000000, "interestExpense": -11700000, "extraordinaryItems": null, "nonRecurring": null, "otherItems": null, "incomeTaxExpense": 115300000, "totalRevenue": 974500000, "totalOperatingExpenses": 732800000, "costOfRevenue": 556400000, "totalOtherIncomeExpenseNet": -16800000, "discontinuedOperations": null, "netIncomeFromContinuingOps": 109600000, "netIncomeApplicableToCommonShares": 109200000}, "2021-12-31": {"researchDevelopment": null, "effectOfAccountingCharges": null, "incomeBeforeTax": 210200000, "minorityInterest": null, "netIncome": 165900000, "sellingGeneralAdministrative": 122400000, "grossProfit": 390500000, "ebit": 221600000, "operatingIncome": 221600000, "otherOperatingExpenses": 4500000, "interestExpense": -11500000, "extraordinaryItems": null, "nonRecurring": null, "otherItems": null, "incomeTaxExpense": 44300000, "totalRevenue": 866400000, "totalOperatingExpenses": 644800000, "costOfRevenue": 475900000, "totalOtherIncomeExpenseNet": -11400000, "discontinuedOperations": null, "netIncomeFromContinuingOps": 165900000, "netIncomeApplicableToCommonShares": 165300000}, "2021-09-30": {"researchDevelopment": null, "effectOfAccountingCharges": null, "incomeBeforeTax": 173800000, "minorityInterest": null, "netIncome": 120400000, "sellingGeneralAdministrative": 122800000, "grossProfit": 369500000, "ebit": 197400000, "operatingIncome": 197400000, "otherOperatingExpenses": 6500000, "interestExpense": -11700000, "extraordinaryItems": null, "nonRecurring": null, "otherItems": null, "incomeTaxExpense": 53400000, "totalRevenue": 816800000, "totalOperatingExpenses": 619400000, "costOfRevenue": 447300000, "totalOtherIncomeExpenseNet": -23600000, "discontinuedOperations": null, "netIncomeFromContinuingOps": 120400000, "netIncomeApplicableToCommonShares": 120000000}}}, "cash": {"annual": {"2021-12-31": {"investments": -150800000, "changeToLiabilities": 49900000, "totalCashflowsFromInvestingActivities": -352700000, "netBorrowings": 90000000, "totalCashFromFinancingActivities": -200300000, "changeToOperatingActivities": -222900000, "netIncome": 529000000, "changeInCash": 34700000, "repurchaseOfStock": -87500000, "effectOfExchangeRate": -9100000, "totalCashFromOperatingActivities": 596800000, "depreciation": 160100000, "otherCashflowsFromInvestingActivities": 600000, "dividendsPaid": -193300000, "changeToAccountReceivables": 12000000, "otherCashflowsFromFinancingActivities": -9500000, "changeToNetincome": 11800000, "capitalExpenditures": -51000000}, "2020-12-31": {"investments": -32100000, "changeToLiabilities": 63900000, "totalCashflowsFromInvestingActivities": -430500000, "netBorrowings": 338700000, "totalCashFromFinancingActivities": -201700000, "changeToOperatingActivities": 836400000, "issuanceOfStock": 200000, "netIncome": 468200000, "changeInCash": 828200000, "repurchaseOfStock": -363300000, "effectOfExchangeRate": 1600000, "totalCashFromOperatingActivities": 1458800000, "depreciation": 151600000, "otherCashflowsFromInvestingActivities": 500000, "dividendsPaid": -170600000, "changeToAccountReceivables": -90000000, "otherCashflowsFromFinancingActivities": -6700000, "changeToNetincome": -13300000, "capitalExpenditures": -47400000}, "2019-12-31": {"investments": 19200000, "changeToLiabilities": -29800000, "totalCashflowsFromInvestingActivities": -15900000, "netBorrowings": -350000000, "totalCashFromFinancingActivities": -662900000, "changeToOperatingActivities": -3000000, "issuanceOfStock": 9300000, "netIncome": 374900000, "changeInCash": -45800000, "repurchaseOfStock": -167900000, "effectOfExchangeRate": 200000, "totalCashFromOperatingActivities": 632800000, "depreciation": 163100000, "otherCashflowsFromInvestingActivities": 500000, "dividendsPaid": -150000000, "changeToAccountReceivables": 50300000, "otherCashflowsFromFinancingActivities": -4300000, "changeToNetincome": 27000000, "capitalExpenditures": -35100000}, "2018-12-31": {"investments": 10700000, "changeToLiabilities": 39800000, "totalCashflowsFromInvestingActivities": -25600000, "netBorrowings": -25000000, "totalCashFromFinancingActivities": -371600000, "changeToOperatingActivities": -39600000, "issuanceOfStock": 2100000, "netIncome": 426500000, "changeInCash": 131600000, "repurchaseOfStock": -161800000, "effectOfExchangeRate": -5900000, "totalCashFromOperatingActivities": 534700000, "depreciation": 185100000, "otherCashflowsFromInvestingActivities": 500000, "dividendsPaid": -130300000, "changeToAccountReceivables": -70300000, "otherCashflowsFromFinancingActivities": -56600000, "changeToNetincome": -11500000, "capitalExpenditures": -36300000}}, "quarterly": {"2022-06-30": {"investments": -30100000, "changeToLiabilities": 16800000, "totalCashflowsFromInvestingActivities": -748000000, "netBorrowings": 365000000, "totalCashFromFinancingActivities": 289300000, "changeToOperatingActivities": -767800000, "netIncome": -184500000, "changeInCash": -1109600000, "repurchaseOfStock": -15800000, "effectOfExchangeRate": -16500000, "totalCashFromOperatingActivities": -634400000, "depreciation": 38400000, "dividendsPaid": -51200000, "changeToAccountReceivables": -13800000, "otherCashflowsFromFinancingActivities": -8700000, "changeToNetincome": 346400000, "capitalExpenditures": -11400000}, "2022-03-31": {"investments": -14100000, "changeToLiabilities": 14000000, "totalCashflowsFromInvestingActivities": -24900000, "netBorrowings": 298600000, "totalCashFromFinancingActivities": 146500000, "changeToOperatingActivities": 1033100000, "netIncome": 109600000, "changeInCash": 1382100000, "repurchaseOfStock": -78400000, "effectOfExchangeRate": 700000, "totalCashFromOperatingActivities": 1259800000, "depreciation": 39200000, "dividendsPaid": -51400000, "changeToAccountReceivables": -56200000, "otherCashflowsFromFinancingActivities": -22300000, "changeToNetincome": -5300000, "capitalExpenditures": -10800000}, "2021-12-31": {"investments": -218400000, "changeToLiabilities": 37300000, "totalCashflowsFromInvestingActivities": -216200000, "netBorrowings": 298600000, "totalCashFromFinancingActivities": -53800000, "changeToOperatingActivities": -905500000, "netIncome": 165900000, "changeInCash": -970200000, "repurchaseOfStock": -200000, "effectOfExchangeRate": -11600000, "totalCashFromOperatingActivities": -688600000, "depreciation": 40000000, "otherCashflowsFromInvestingActivities": 100000, "dividendsPaid": -51500000, "changeToAccountReceivables": -2500000, "otherCashflowsFromFinancingActivities": -2100000, "changeToNetincome": -35200000, "capitalExpenditures": -13700000}, "2021-09-30": {"investments": 92600000, "changeToLiabilities": -4000000, "totalCashflowsFromInvestingActivities": -90700000, "netBorrowings": 298600000, "totalCashFromFinancingActivities": -52400000, "changeToOperatingActivities": 369600000, "netIncome": 120400000, "changeInCash": 423300000, "repurchaseOfStock": -200000, "effectOfExchangeRate": 2800000, "totalCashFromOperatingActivities": 563600000, "depreciation": 41000000, "otherCashflowsFromInvestingActivities": 100000, "dividendsPaid": -51500000, "changeToAccountReceivables": 10300000, "otherCashflowsFromFinancingActivities": -700000, "changeToNetincome": 22400000, "capitalExpenditures": -16000000}}}}, "MKTX": {"balance": {"annual": {"2021-12-31": {"intangibleAssets": 116377000, "capitalSurplus": 330262000, "totalLiab": 489143000, "totalStockholderEquity": 1041309000, "otherCurrentLiab": 40456000, "totalAssets": 1530452000, "commonStock": 123000, "otherCurrentAssets": 130027000, "retainedEarnings": 956966000, "otherLiab": 251825000, "goodWill": 154789000, "treasuryStock": -246042000, "cash": 506735000, "totalCurrentLiabilities": 160056000, "otherStockholderEquity": -13330000, "propertyPlantEquipment": 167021000, "totalCurrentAssets": 1092265000, "netTangibleAssets": 770143000, "netReceivables": 403662000, "accountsPayable": 48718000}, "2020-12-31": {"intangibleAssets": 95354000, "capitalSurplus": 329742000, "totalLiab": 376368000, "totalStockholderEquity": 955061000, "otherCurrentLiab": 42750000, "totalAssets": 1331429000, "commonStock": 123000, "otherCurrentAssets": 156081000, "retainedEarnings": 799369000, "otherLiab": 133326000, "goodWill": 147388000, "treasuryStock": -174173000, "cash": 460858000, "totalCurrentLiabilities": 149430000, "otherStockholderEquity": -4650000, "propertyPlantEquipment": 161128000, "totalCurrentAssets": 927559000, "netTangibleAssets": 712319000, "netReceivables": 262449000, "accountsPayable": 44354000}, "2019-12-31": {"intangibleAssets": 60986000, "capitalSurplus": 342541000, "totalLiab": 184839000, "totalStockholderEquity": 770091000, "otherCurrentLiab": 19462000, "totalAssets": 954930000, "commonStock": 122000, "otherCurrentAssets": 10346000, "retainedEarnings": 591086000, "goodWill": 146861000, "treasuryStock": -163658000, "cash": 270124000, "totalCurrentLiabilities": 86848000, "otherStockholderEquity": -10270000, "propertyPlantEquipment": 153194000, "totalCurrentAssets": 456054000, "longTermInvestments": 137835000, "netTangibleAssets": 562244000, "netReceivables": 62017000, "accountsPayable": 20021000}, "2018-12-31": {"intangibleAssets": 2962000, "capitalSurplus": 341860000, "totalLiab": 87661000, "totalStockholderEquity": 607878000, "otherCurrentLiab": 17453000, "totalAssets": 695539000, "commonStock": 122000, "otherCurrentAssets": 5200000, "retainedEarnings": 463252000, "otherLiab": 2810000, "goodWill": 59713000, "treasuryStock": -197356000, "otherAssets": 3424000, "cash": 246322000, "totalCurrentLiabilities": 84851000, "deferredLongTermAssetCharges": 3424000, "otherStockholderEquity": -12394000, "propertyPlantEquipment": 63010000, "totalCurrentAssets": 419464000, "longTermInvestments": 146966000, "netTangibleAssets": 545203000, "netReceivables": 57535000, "accountsPayable": 28345000}}, "quarterly": {"2022-06-30": {"intangibleAssets": 105607000, "capitalSurplus": 325047000, "totalLiab": 566908000, "totalStockholderEquity": 1000802000, "otherCurrentLiab": 27660000, "totalAssets": 1567710000, "commonStock": 123000, "otherCurrentAssets": 148205000, "retainedEarnings": 1035723000, "otherLiab": 397711000, "goodWill": 154789000, "treasuryStock": -360091000, "cash": 290544000, "totalCurrentLiabilities": 89134000, "otherStockholderEquity": -39839000, "propertyPlantEquipment": 161857000, "totalCurrentAssets": 1145457000, "netTangibleAssets": 740406000, "netReceivables": 617330000, "accountsPayable": 20297000}, "2022-03-31": {"intangibleAssets": 111620000, "capitalSurplus": 318119000, "totalLiab": 683944000, "totalStockholderEquity": 1023541000, "otherCurrentLiab": 42614000, "totalAssets": 1707485000, "commonStock": 123000, "otherCurrentAssets": 146938000, "retainedEarnings": 995192000, "otherLiab": 480976000, "goodWill": 154789000, "treasuryStock": -289893000, "cash": 364567000, "totalCurrentLiabilities": 124685000, "otherStockholderEquity": -18381000, "propertyPlantEquipment": 164491000, "totalCurrentAssets": 1276585000, "netTangibleAssets": 757132000, "netReceivables": 711316000, "accountsPayable": 47797000}, "2021-12-31": {"intangibleAssets": 116377000, "capitalSurplus": 330262000, "totalLiab": 489143000, "totalStockholderEquity": 1041309000, "otherCurrentLiab": 40456000, "totalAssets": 1530452000, "commonStock": 123000, "otherCurrentAssets": 130027000, "retainedEarnings": 956966000, "otherLiab": 251825000, "goodWill": 154789000, "treasuryStock": -246042000, "cash": 506735000, "totalCurrentLiabilities": 160056000, "otherStockholderEquity": -13330000, "propertyPlantEquipment": 167021000, "totalCurrentAssets": 1092265000, "netTangibleAssets": 770143000, "netReceivables": 403662000, "accountsPayable": 48718000}, "2021-09-30": {"intangibleAssets": 119797000, "capitalSurplus": 323631000, "totalLiab": 556619000, "totalStockholderEquity": 1055299000, "otherCurrentLiab": 44871000, "totalAssets": 1611918000, "commonStock": 123000, "otherCurrentAssets": 143702000, "retainedEarnings": 929853000, "otherLiab": 325939000, "goodWill": 154789000, "treasuryStock": -198308000, "cash": 432715000, "totalCurrentLiabilities": 143766000, "otherStockholderEquity": -10593000, "propertyPlantEquipment": 168161000, "totalCurrentAssets": 1169171000, "netTangibleAssets": 780713000, "netReceivables": 538745000, "accountsPayable": 46800000}}}, "income": {"annual": {"2021-12-31": {"researchDevelopment": null, "effectOfAccountingCharges": null, "incomeBeforeTax": 333923000, "minorityInterest": null, "netIncome": 257888000, "sellingGeneralAdministrative": 94854000, "grossProfit": 485561000, "ebit": 337260000, "operatingIncome": 337260000, "otherOperatingExpenses": null, "interestExpense": -842000, "extraordinaryItems": null, "nonRecurring": null, "otherItems": null, "incomeTaxExpense": 76035000, "totalRevenue": 698951000, "totalOperatingExpenses": 361691000, "costOfRevenue": 213390000, "totalOtherIncomeExpenseNet": -3337000, "discontinuedOperations": null, "netIncomeFromContinuingOps": 257888000, "netIncomeApplicableToCommonShares": 257888000}, "2020-12-31": {"researchDevelopment": null, "effectOfAccountingCharges": null, "incomeBeforeTax": 374359000, "minorityInterest": null, "netIncome": 299377000, "sellingGeneralAdministrative": 87408000, "grossProfit": 498148000, "ebit": 374744000, "operatingIncome": 374744000, "otherOperatingExpenses": null, "interestExpense": -1142000, "extraordinaryItems": null, "nonRecurring": null, "otherItems": null, "incomeTaxExpense": 74982000, "totalRevenue": 689125000, "totalOperatingExpenses": 314381000, "costOfRevenue": 190977000, "totalOtherIncomeExpenseNet": -385000, "discontinuedOperations": null, "netIncomeFromContinuingOps": 299377000, "netIncomeApplicableToCommonShares": 299377000}, "2019-12-31": {"researchDevelopment": null, "effectOfAccountingCharges": null, "incomeBeforeTax": 257424000, "minorityInterest": null, "netIncome": 204902000, "sellingGeneralAdministrative": 75742000, "grossProfit": 353481000, "ebit": 250882000, "operatingIncome": 250882000, "otherOperatingExpenses": null, "interestExpense": -1142000, "extraordinaryItems": null, "nonRecurring": null, "otherItems": null, "incomeTaxExpense": 52522000, "totalRevenue": 511352000, "totalOperatingExpenses": 260470000, "costOfRevenue": 157871000, "totalOtherIncomeExpenseNet": 6542000, "discontinuedOperations": null, "netIncomeFromContinuingOps": 204902000, "netIncomeApplicableToCommonShares": 204902000}, "2018-12-31": {"researchDevelopment": null, "effectOfAccountingCharges": null, "incomeBeforeTax": 218086000, "minorityInterest": null, "netIncome": 172852000, "sellingGeneralAdministrative": 66918000, "grossProfit": 302582000, "ebit": 212584000, "operatingIncome": 212584000, "otherOperatingExpenses": null, "interestExpense": -1142000, "extraordinaryItems": null, "nonRecurring": null, "otherItems": null, "incomeTaxExpense": 45234000, "totalRevenue": 435565000, "totalOperatingExpenses": 222981000, "costOfRevenue": 132983000, "totalOtherIncomeExpenseNet": 5502000, "discontinuedOperations": null, "netIncomeFromContinuingOps": 172852000, "netIncomeApplicableToCommonShares": 172852000}}, "quarterly": {"2022-06-30": {"researchDevelopment": null, "effectOfAccountingCharges": null, "incomeBeforeTax": 89578000, "minorityInterest": null, "netIncome": 66922000, "sellingGeneralAdministrative": 24274000, "grossProfit": 124304000, "ebit": 84790000, "operatingIncome": 84790000, "otherOperatingExpenses": null, "interestExpense": -337000, "extraordinaryItems": null, "nonRecurring": null, "otherItems": null, "incomeTaxExpense": 22656000, "totalRevenue": 182229000, "totalOperatingExpenses": 97439000, "costOfRevenue": 57925000, "totalOtherIncomeExpenseNet": 4788000, "discontinuedOperations": null, "netIncomeFromContinuingOps": 66922000, "netIncomeApplicableToCommonShares": 66922000}, "2022-03-31": {"researchDevelopment": null, "effectOfAccountingCharges": null, "incomeBeforeTax": 90419000, "minorityInterest": null, "netIncome": 64769000, "sellingGeneralAdministrative": 22897000, "grossProfit": 126109000, "ebit": 88038000, "operatingIncome": 88038000, "otherOperatingExpenses": null, "interestExpense": -173000, "extraordinaryItems": null, "nonRecurring": null, "otherItems": null, "incomeTaxExpense": 25650000, "totalRevenue": 186057000, "totalOperatingExpenses": 98019000, "costOfRevenue": 59948000, "totalOtherIncomeExpenseNet": 2381000, "discontinuedOperations": null, "netIncomeFromContinuingOps": 64769000, "netIncomeApplicableToCommonShares": 64769000}, "2021-12-31": {"researchDevelopment": null, "effectOfAccountingCharges": null, "incomeBeforeTax": 71575000, "minorityInterest": null, "netIncome": 52185000, "sellingGeneralAdministrative": 25411000, "grossProfit": 112613000, "ebit": 72595000, "operatingIncome": 72595000, "otherOperatingExpenses": null, "interestExpense": -166000, "extraordinaryItems": null, "nonRecurring": null, "otherItems": null, "incomeTaxExpense": 19390000, "totalRevenue": 165060000, "totalOperatingExpenses": 92465000, "costOfRevenue": 52447000, "totalOtherIncomeExpenseNet": -1020000, "discontinuedOperations": null, "netIncomeFromContinuingOps": 52185000, "netIncomeApplicableToCommonShares": 52185000}, "2021-09-30": {"researchDevelopment": null, "effectOfAccountingCharges": null, "incomeBeforeTax": 74494000, "minorityInterest": null, "netIncome": 57958000, "sellingGeneralAdministrative": 22578000, "grossProfit": 110550000, "ebit": 74008000, "operatingIncome": 74008000, "otherOperatingExpenses": null, "interestExpense": -314000, "extraordinaryItems": null, "nonRecurring": null, "otherItems": null, "incomeTaxExpense": 16536000, "totalRevenue": 162093000, "totalOperatingExpenses": 88085000, "costOfRevenue": 51543000, "totalOtherIncomeExpenseNet": 486000, "discontinuedOperations": null, "netIncomeFromContinuingOps": 57958000, "netIncomeApplicableToCommonShares": 57958000}}}, "cash": {"annual": {"2021-12-31": {"changeToLiabilities": 96214000, "totalCashflowsFromInvestingActivities": -67694000, "totalCashFromFinancingActivities": -189775000, "changeToOperatingActivities": -7394000, "issuanceOfStock": 7096000, "netIncome": 257888000, "changeInCash": 17517000, "repurchaseOfStock": -97079000, "effectOfExchangeRate": -7105000, "totalCashFromOperatingActivities": 282091000, "depreciation": 53946000, "dividendsPaid": -99792000, "changeToAccountReceivables": -141311000, "changeToNetincome": 29966000, "capitalExpenditures": -17493000}, "2020-12-31": {"investments": 137792000, "changeToLiabilities": 139332000, "totalCashflowsFromInvestingActivities": 68867000, "totalCashFromFinancingActivities": -145112000, "changeToOperatingActivities": 7196000, "issuanceOfStock": 4007000, "netIncome": 299377000, "changeInCash": 333797000, "repurchaseOfStock": -58553000, "effectOfExchangeRate": 5553000, "totalCashFromOperatingActivities": 404489000, "depreciation": 42838000, "dividendsPaid": -90566000, "changeToAccountReceivables": -200886000, "changeToNetincome": 35162000, "capitalExpenditures": -15010000}, "2019-12-31": {"investments": 10109000, "changeToLiabilities": -820000, "totalCashflowsFromInvestingActivities": -122051000, "totalCashFromFinancingActivities": -118100000, "changeToOperatingActivities": 2859000, "issuanceOfStock": 1207000, "netIncome": 204902000, "changeInCash": 26795000, "repurchaseOfStock": -43076000, "effectOfExchangeRate": 1011000, "totalCashFromOperatingActivities": 265935000, "depreciation": 32652000, "otherCashflowsFromInvestingActivities": -30000, "dividendsPaid": -76231000, "changeToAccountReceivables": -2962000, "changeToNetincome": 27190000, "capitalExpenditures": -12292000}, "2018-12-31": {"investments": -2742000, "changeToLiabilities": 14524000, "totalCashflowsFromInvestingActivities": -50296000, "totalCashFromFinancingActivities": -92673000, "changeToOperatingActivities": -1240000, "issuanceOfStock": 2973000, "netIncome": 172852000, "changeInCash": 79308000, "repurchaseOfStock": -33214000, "effectOfExchangeRate": -1640000, "totalCashFromOperatingActivities": 223917000, "depreciation": 23080000, "otherCashflowsFromInvestingActivities": 39000, "dividendsPaid": -62432000, "changeToAccountReceivables": -5117000, "changeToNetincome": 16930000, "capitalExpenditures": -35888000}}, "quarterly": {"2022-06-30": {"investments": -34400000, "changeToLiabilities": -84056000, "totalCashflowsFromInvestingActivities": -44821000, "totalCashFromFinancingActivities": -100581000, "changeToOperatingActivities": 6844000, "issuanceOfStock": 86000, "netIncome": 66922000, "changeInCash": -71303000, "repurchaseOfStock": -48401000, "effectOfExchangeRate": -19538000, "totalCashFromOperatingActivities": 93637000, "depreciation": 16643000, "dividendsPaid": -26102000, "changeToAccountReceivables": 93912000, "otherCashflowsFromFinancingActivities": -26164000, "changeToNetincome": 5143000, "capitalExpenditures": -1285000}, "2022-03-31": {"investments": -34400000, "changeToLiabilities": 231083000, "totalCashflowsFromInvestingActivities": -10821000, "totalCashFromFinancingActivities": -86467000, "changeToOperatingActivities": -37797000, "issuanceOfStock": 50000, "netIncome": 64769000, "changeInCash": -125374000, "repurchaseOfStock": -59092000, "effectOfExchangeRate": -4356000, "totalCashFromOperatingActivities": -23730000, "depreciation": 16770000, "dividendsPaid": -27425000, "changeToAccountReceivables": -307714000, "otherCashflowsFromFinancingActivities": -26164000, "changeToNetincome": 6227000, "capitalExpenditures": -1396000}, "2021-12-31": {"investments": -34400000, "changeToLiabilities": -72481000, "totalCashflowsFromInvestingActivities": -11399000, "totalCashFromFinancingActivities": -70161000, "changeToOperatingActivities": 13139000, "issuanceOfStock": 148000, "netIncome": 52185000, "changeInCash": 61766000, "repurchaseOfStock": -45516000, "effectOfExchangeRate": -2385000, "totalCashFromOperatingActivities": 145711000, "depreciation": 10051000, "dividendsPaid": -24793000, "changeToAccountReceivables": 134976000, "otherCashflowsFromFinancingActivities": -26164000, "changeToNetincome": 6662000, "capitalExpenditures": -2926000}, "2021-09-30": {"investments": -34400000, "changeToLiabilities": 25197000, "totalCashflowsFromInvestingActivities": -12949000, "netBorrowings": -1046000, "totalCashFromFinancingActivities": -26849000, "changeToOperatingActivities": 10871000, "issuanceOfStock": 2283000, "netIncome": 57958000, "changeInCash": 18558000, "repurchaseOfStock": -3325000, "effectOfExchangeRate": -4457000, "totalCashFromOperatingActivities": 62813000, "depreciation": 15651000, "dividendsPaid": -24761000, "changeToAccountReceivables": -57419000, "otherCashflowsFromFinancingActivities": -26164000, "changeToNetincome": 8322000, "capitalExpenditures": -4758000}}}}, "IVZ": {"balance": {"annual": {"2021-12-31": {"intangibleAssets": 7228000000, "capitalSurplus": 7688000000, "totalLiab": 16006800000, "totalStockholderEquity": 11485300000, "minorityInterest": 1183000000, "otherCurrentLiab": 87400000, "totalAssets": 32685600000, "commonStock": 113200000, "otherCurrentAssets": 11719400000, "retainedEarnings": 7169200000, "otherLiab": 11794100000, "goodWill": 8882500000, "treasuryStock": -3485100000, "otherAssets": 441100000, "cash": 1896400000, "totalCurrentLiabilities": 1915300000, "deferredLongTermAssetCharges": 19900000, "otherStockholderEquity": -441500000, "propertyPlantEquipment": 774700000, "totalCurrentAssets": 14690000000, "longTermInvestments": 669300000, "netTangibleAssets": -4625200000, "shortTermInvestments": 30400000, "netReceivables": 877800000, "longTermDebt": 2085100000, "accountsPayable": 388700000}, "2020-12-31": {"intangibleAssets": 7305600000, "capitalSurplus": 7811400000, "totalLiab": 21483400000, "totalStockholderEquity": 10351300000, "minorityInterest": 658900000, "otherCurrentLiab": 944700000, "totalAssets": 36504100000, "commonStock": 113200000, "otherCurrentAssets": 15969300000, "retainedEarnings": 6085000000, "otherLiab": 16506700000, "goodWill": 8916300000, "treasuryStock": -3658300000, "otherAssets": 716900000, "cash": 1408400000, "totalCurrentLiabilities": 2574900000, "deferredLongTermAssetCharges": 5900000, "otherStockholderEquity": -404500000, "propertyPlantEquipment": 563800000, "totalCurrentAssets": 18407300000, "longTermInvestments": 594200000, "netTangibleAssets": -5870600000, "shortTermInvestments": 29900000, "netReceivables": 850500000, "longTermDebt": 2082600000, "accountsPayable": 330300000}, "2019-12-31": {"intangibleAssets": 7358300000, "capitalSurplus": 7860800000, "totalLiab": 24718500000, "totalStockholderEquity": 9852000000, "minorityInterest": 839300000, "otherCurrentLiab": 720700000, "totalAssets": 39420300000, "commonStock": 113200000, "otherCurrentAssets": 19468700000, "retainedEarnings": 5917800000, "otherLiab": 19703500000, "goodWill": 8509400000, "treasuryStock": -4039800000, "otherAssets": 652000000, "cash": 1049000000, "totalCurrentLiabilities": 2569900000, "otherStockholderEquity": -587300000, "propertyPlantEquipment": 583500000, "totalCurrentAssets": 21712000000, "longTermInvestments": 605100000, "netTangibleAssets": -6015700000, "shortTermInvestments": 32000000, "netReceivables": 1018300000, "longTermDebt": 2080300000, "accountsPayable": 414600000}, "2018-12-31": {"intangibleAssets": 2176100000, "capitalSurplus": 6334800000, "totalLiab": 21646000000, "totalStockholderEquity": 8578800000, "minorityInterest": 753600000, "otherCurrentLiab": 442500000, "totalAssets": 30978400000, "commonStock": 98100000, "otherCurrentAssets": 18366800000, "retainedEarnings": 5884500000, "otherLiab": 17503500000, "goodWill": 7157100000, "treasuryStock": -3738600000, "otherAssets": 204700000, "cash": 1147700000, "totalCurrentLiabilities": 1733700000, "otherStockholderEquity": -735000000, "propertyPlantEquipment": 468700000, "totalCurrentAssets": 20465000000, "longTermInvestments": 506800000, "netTangibleAssets": -754400000, "shortTermInvestments": 28100000, "netReceivables": 795300000, "longTermDebt": 2408800000, "accountsPayable": 284300000}}, "quarterly": {"2022-06-30": {"intangibleAssets": 7174400000, "capitalSurplus": 7563200000, "totalLiab": 13499100000, "totalStockholderEquity": 11103200000, "minorityInterest": 1573900000, "totalAssets": 30186700000, "commonStock": 113200000, "otherCurrentAssets": 10271600000, "retainedEarnings": 7323200000, "otherLiab": 9917000000, "goodWill": 8646200000, "treasuryStock": -3896400000, "otherAssets": 1211500000, "cash": 936800000, "totalCurrentLiabilities": 1910900000, "otherStockholderEquity": -801100000, "propertyPlantEquipment": 491400000, "totalCurrentAssets": 11982400000, "longTermInvestments": 680800000, "netTangibleAssets": -4717400000, "shortTermInvestments": 26600000, "netReceivables": 747400000, "longTermDebt": 1671200000, "accountsPayable": 1352900000}, "2022-03-31": {"intangibleAssets": 7206200000, "capitalSurplus": 7547000000, "totalLiab": 15066500000, "totalStockholderEquity": 11334500000, "minorityInterest": 1442300000, "totalAssets": 31853800000, "commonStock": 113200000, "otherCurrentAssets": 11414800000, "retainedEarnings": 7287900000, "otherLiab": 11214100000, "goodWill": 8847400000, "treasuryStock": -3613600000, "otherAssets": 1058900000, "cash": 1309600000, "totalCurrentLiabilities": 2366200000, "shortLongTermDebt": 599500000, "otherStockholderEquity": -508500000, "propertyPlantEquipment": 499600000, "totalCurrentAssets": 13510000000, "longTermInvestments": 731700000, "netTangibleAssets": -4719100000, "shortTermInvestments": 29300000, "netReceivables": 756300000, "longTermDebt": 1486200000, "accountsPayable": 1271300000}, "2021-12-31": {"intangibleAssets": 7228000000, "capitalSurplus": 7688000000, "totalLiab": 16006800000, "totalStockholderEquity": 11485300000, "minorityInterest": 1183000000, "otherCurrentLiab": 87400000, "totalAssets": 32685600000, "commonStock": 113200000, "otherCurrentAssets": 11719400000, "retainedEarnings": 7169200000, "otherLiab": 11794100000, "goodWill": 8882500000, "treasuryStock": -3485100000, "otherAssets": 441100000, "cash": 1896400000, "totalCurrentLiabilities": 1915300000, "deferredLongTermAssetCharges": 19900000, "otherStockholderEquity": -441500000, "propertyPlantEquipment": 774700000, "totalCurrentAssets": 14690000000, "longTermInvestments": 669300000, "netTangibleAssets": -4625200000, "shortTermInvestments": 30400000, "netReceivables": 877800000, "longTermDebt": 2085100000, "accountsPayable": 388700000}, "2021-09-30": {"intangibleAssets": 7246600000, "capitalSurplus": 7660100000, "totalLiab": 16539300000, "totalStockholderEquity": 11069600000, "minorityInterest": 1194500000, "totalAssets": 32813900000, "commonStock": 113200000, "otherCurrentAssets": 11966400000, "retainedEarnings": 6821200000, "otherLiab": 12149900000, "goodWill": 8878200000, "treasuryStock": -3524900000, "otherAssets": 646400000, "cash": 1773200000, "totalCurrentLiabilities": 2304900000, "otherStockholderEquity": -477300000, "propertyPlantEquipment": 512500000, "totalCurrentAssets": 14871200000, "longTermInvestments": 659000000, "netTangibleAssets": -5055200000, "shortTermInvestments": 29100000, "netReceivables": 957700000, "longTermDebt": 2084500000, "accountsPayable": 1401700000}}}, "income": {"annual": {"2021-12-31": {"researchDevelopment": null, "effectOfAccountingCharges": null, "incomeBeforeTax": 2500500000, "minorityInterest": 1183000000, "netIncome": 1629800000, "sellingGeneralAdministrative": 522700000, "grossProfit": 2307900000, "ebit": 1722300000, "operatingIncome": 1722300000, "otherOperatingExpenses": null, "interestExpense": -255400000, "extraordinaryItems": null, "nonRecurring": null, "otherItems": null, "incomeTaxExpense": 531100000, "totalRevenue": 6894500000, "totalOperatingExpenses": 5172200000, "costOfRevenue": 4586600000, "totalOtherIncomeExpenseNet": 778200000, "discontinuedOperations": null, "netIncomeFromContinuingOps": 1969400000, "netIncomeApplicableToCommonShares": 1393000000}, "2020-12-31": {"researchDevelopment": null, "effectOfAccountingCharges": null, "incomeBeforeTax": 1069100000, "minorityInterest": 658900000, "netIncome": 761600000, "sellingGeneralAdministrative": 564100000, "grossProfit": 1880300000, "ebit": 1253700000, "operatingIncome": 1253700000, "otherOperatingExpenses": null, "interestExpense": -323800000, "extraordinaryItems": null, "nonRecurring": null, "otherItems": null, "incomeTaxExpense": 261600000, "totalRevenue": 6145600000, "totalOperatingExpenses": 4891900000, "costOfRevenue": 4265300000, "totalOtherIncomeExpenseNet": -184600000, "discontinuedOperations": null, "netIncomeFromContinuingOps": 807500000, "netIncomeApplicableToCommonShares": 524800000}, "2019-12-31": {"researchDevelopment": null, "effectOfAccountingCharges": null, "incomeBeforeTax": 972900000, "minorityInterest": 839300000, "netIncome": 688300000, "sellingGeneralAdministrative": 539800000, "grossProfit": 2026200000, "ebit": 1433700000, "operatingIncome": 1433700000, "otherOperatingExpenses": null, "interestExpense": -364200000, "extraordinaryItems": null, "nonRecurring": null, "otherItems": null, "incomeTaxExpense": 235100000, "totalRevenue": 6117400000, "totalOperatingExpenses": 4683700000, "costOfRevenue": 4091200000, "totalOtherIncomeExpenseNet": -460800000, "discontinuedOperations": null, "netIncomeFromContinuingOps": 737800000, "netIncomeApplicableToCommonShares": 564700000}, "2018-12-31": {"researchDevelopment": null, "effectOfAccountingCharges": null, "incomeBeforeTax": 1138100000, "minorityInterest": 753600000, "netIncome": 882800000, "sellingGeneralAdministrative": 459200000, "grossProfit": 1805400000, "ebit": 1346200000, "operatingIncome": 1346200000, "otherOperatingExpenses": null, "interestExpense": -302200000, "extraordinaryItems": null, "nonRecurring": null, "otherItems": null, "incomeTaxExpense": 255000000, "totalRevenue": 5314100000, "totalOperatingExpenses": 3967900000, "costOfRevenue": 3508700000, "totalOtherIncomeExpenseNet": -208100000, "discontinuedOperations": null, "netIncomeFromContinuingOps": 883100000, "netIncomeApplicableToCommonShares": 882800000}}, "quarterly": {"2022-06-30": {"researchDevelopment": null, "effectOfAccountingCharges": null, "incomeBeforeTax": 281900000, "minorityInterest": 1573900000, "netIncome": 180200000, "sellingGeneralAdministrative": 153500000, "grossProfit": 513200000, "ebit": 344900000, "operatingIncome": 344900000, "otherOperatingExpenses": null, "interestExpense": -70800000, "extraordinaryItems": null, "nonRecurring": null, "otherItems": null, "incomeTaxExpense": 63000000, "totalRevenue": 1530400000, "totalOperatingExpenses": 1185500000, "costOfRevenue": 1017200000, "totalOtherIncomeExpenseNet": -63000000, "discontinuedOperations": null, "netIncomeFromContinuingOps": 218900000, "netIncomeApplicableToCommonShares": 121000000}, "2022-03-31": {"researchDevelopment": null, "effectOfAccountingCharges": null, "incomeBeforeTax": 320300000, "minorityInterest": 1442300000, "netIncome": 256900000, "sellingGeneralAdministrative": 123900000, "grossProfit": 551900000, "ebit": 412900000, "operatingIncome": 412900000, "otherOperatingExpenses": null, "interestExpense": -65700000, "extraordinaryItems": null, "nonRecurring": null, "otherItems": null, "incomeTaxExpense": 82800000, "totalRevenue": 1629400000, "totalOperatingExpenses": 1216500000, "costOfRevenue": 1077500000, "totalOtherIncomeExpenseNet": -92600000, "discontinuedOperations": null, "netIncomeFromContinuingOps": 237500000, "netIncomeApplicableToCommonShares": 197700000}, "2021-12-31": {"researchDevelopment": null, "effectOfAccountingCharges": null, "incomeBeforeTax": 687800000, "minorityInterest": 1183000000, "netIncome": 486000000, "sellingGeneralAdministrative": 157200000, "grossProfit": 629200000, "ebit": 456600000, "operatingIncome": 456600000, "otherOperatingExpenses": null, "interestExpense": -63100000, "extraordinaryItems": null, "nonRecurring": null, "otherItems": null, "incomeTaxExpense": 130700000, "totalRevenue": 1763400000, "totalOperatingExpenses": 1306800000, "costOfRevenue": 1134200000, "totalOtherIncomeExpenseNet": 231200000, "discontinuedOperations": null, "netIncomeFromContinuingOps": 557100000, "netIncomeApplicableToCommonShares": 426800000}, "2021-09-30": {"researchDevelopment": null, "effectOfAccountingCharges": null, "incomeBeforeTax": 685300000, "minorityInterest": 1194500000, "netIncome": 389300000, "sellingGeneralAdministrative": 125300000, "grossProfit": 592700000, "ebit": 451800000, "operatingIncome": 451800000, "otherOperatingExpenses": null, "interestExpense": -64600000, "extraordinaryItems": null, "nonRecurring": null, "otherItems": null, "incomeTaxExpense": 139700000, "totalRevenue": 1750000000, "totalOperatingExpenses": 1298200000, "costOfRevenue": 1157300000, "totalOtherIncomeExpenseNet": 233500000, "discontinuedOperations": null, "netIncomeFromContinuingOps": 545600000, "netIncomeApplicableToCommonShares": 330100000}}}, "cash": {"annual": {"2021-12-31": {"investments": -717300000, "changeToLiabilities": -5875500000, "totalCashflowsFromInvestingActivities": -826100000, "totalCashFromFinancingActivities": 117300000, "changeToOperatingActivities": -327800000, "netIncome": 1629800000, "changeInCash": 307800000, "repurchaseOfStock": -60900000, "effectOfExchangeRate": -39700000, "totalCashFromOperatingActivities": 1078100000, "depreciation": 205300000, "dividendsPaid": -544500000, "changeToAccountReceivables": 5581200000, "otherCashflowsFromFinancingActivities": 722700000, "changeToNetincome": -134900000, "capitalExpenditures": -108800000}, "2020-12-31": {"investments": -750100000, "changeToLiabilities": -3812700000, "totalCashflowsFromInvestingActivities": -865100000, "totalCashFromFinancingActivities": -285900000, "changeToOperatingActivities": 214900000, "netIncome": 761600000, "changeInCash": 138100000, "repurchaseOfStock": -47100000, "effectOfExchangeRate": 53300000, "totalCashFromOperatingActivities": 1230300000, "depreciation": 203500000, "dividendsPaid": -594200000, "changeToAccountReceivables": 3744400000, "otherCashflowsFromFinancingActivities": 355400000, "changeToNetincome": 118600000, "capitalExpenditures": -115000000}, "2019-12-31": {"investments": -1617600000, "changeToLiabilities": -748900000, "totalCashflowsFromInvestingActivities": -1425400000, "netBorrowings": -330800000, "totalCashFromFinancingActivities": 201300000, "changeToOperatingActivities": -46400000, "netIncome": 688300000, "changeInCash": -104200000, "repurchaseOfStock": -469800000, "effectOfExchangeRate": 10700000, "totalCashFromOperatingActivities": 1116600000, "depreciation": 177600000, "otherCashflowsFromInvestingActivities": 26000000, "dividendsPaid": -652700000, "changeToAccountReceivables": 934300000, "otherCashflowsFromFinancingActivities": 1654600000, "changeToNetincome": 111700000, "capitalExpenditures": -124300000}, "2018-12-31": {"investments": -1263100000, "changeToLiabilities": -997500000, "totalCashflowsFromInvestingActivities": -2898700000, "netBorrowings": 330800000, "totalCashFromFinancingActivities": 1540000000, "changeToOperatingActivities": -386200000, "netIncome": 882800000, "changeInCash": -712300000, "repurchaseOfStock": -51800000, "effectOfExchangeRate": -44800000, "totalCashFromOperatingActivities": 828800000, "depreciation": 142100000, "otherCashflowsFromInvestingActivities": -63800000, "dividendsPaid": -490600000, "changeToAccountReceivables": 944400000, "otherCashflowsFromFinancingActivities": 1751600000, "changeToNetincome": 243200000, "capitalExpenditures": -102500000}}, "quarterly": {"2022-06-30": {"investments": -43500000, "changeToLiabilities": -493300000, "totalCashflowsFromInvestingActivities": -72000000, "netBorrowings": -415400000, "totalCashFromFinancingActivities": -477700000, "changeToOperatingActivities": -195200000, "netIncome": 180200000, "changeInCash": -481300000, "repurchaseOfStock": -1900000, "effectOfExchangeRate": -50000000, "totalCashFromOperatingActivities": 123100000, "depreciation": 49300000, "otherCashflowsFromInvestingActivities": 4700000, "dividendsPaid": -144800000, "changeToAccountReceivables": 371600000, "otherCashflowsFromFinancingActivities": 84400000, "changeToNetincome": 210500000, "capitalExpenditures": -33200000}, "2022-03-31": {"investments": -59900000, "changeToLiabilities": -770100000, "totalCashflowsFromInvestingActivities": -83800000, "netBorrowings": -415400000, "totalCashFromFinancingActivities": -55300000, "changeToOperatingActivities": -129700000, "netIncome": 256900000, "changeInCash": -533000000, "repurchaseOfStock": -232500000, "effectOfExchangeRate": -23200000, "totalCashFromOperatingActivities": -375400000, "depreciation": 49500000, "otherCashflowsFromInvestingActivities": 4700000, "dividendsPaid": -137000000, "changeToAccountReceivables": 137700000, "otherCashflowsFromFinancingActivities": 314200000, "changeToNetincome": 80300000, "capitalExpenditures": -23900000}, "2021-12-31": {"investments": -211100000, "changeToLiabilities": -573500000, "totalCashflowsFromInvestingActivities": -246700000, "netBorrowings": -415400000, "totalCashFromFinancingActivities": 103100000, "changeToOperatingActivities": -251200000, "netIncome": 486000000, "changeInCash": -162400000, "repurchaseOfStock": -2800000, "effectOfExchangeRate": -2000000, "totalCashFromOperatingActivities": -3700000, "depreciation": 50400000, "otherCashflowsFromInvestingActivities": 4700000, "dividendsPaid": -138000000, "changeToAccountReceivables": 329900000, "otherCashflowsFromFinancingActivities": 243900000, "changeToNetincome": -45300000, "capitalExpenditures": -35600000}, "2021-09-30": {"investments": -338400000, "changeToLiabilities": -1065200000, "totalCashflowsFromInvestingActivities": -364400000, "netBorrowings": -415400000, "totalCashFromFinancingActivities": 359100000, "changeToOperatingActivities": 79300000, "netIncome": 389300000, "changeInCash": 572400000, "repurchaseOfStock": -10500000, "effectOfExchangeRate": -23300000, "totalCashFromOperatingActivities": 601000000, "depreciation": 51000000, "otherCashflowsFromInvestingActivities": 4700000, "dividendsPaid": -138000000, "changeToAccountReceivables": 1161200000, "otherCashflowsFromFinancingActivities": 507600000, "changeToNetincome": -14600000, "capitalExpenditures": -26000000}}}}}