{"DIS": {"balance": {"annual": {"2021-10-02": {"intangibleAssets": 17115000000, "totalLiab": 101385000000, "totalStockholderEquity": 88553000000, "minorityInterest": 13671000000, "otherCurrentLiab": 5372000000, "totalAssets": 203609000000, "commonStock": 55471000000, "otherCurrentAssets": 817000000, "retainedEarnings": 40429000000, "otherLiab": 18539000000, "goodWill": 78071000000, "treasuryStock": -7347000000, "otherAssets": 33976000000, "cash": 15959000000, "totalCurrentLiabilities": 31077000000, "shortLongTermDebt": 3874000000, "otherStockholderEquity": -6440000000, "propertyPlantEquipment": 36855000000, "totalCurrentAssets": 33657000000, "longTermInvestments": 3935000000, "netTangibleAssets": -6633000000, "netReceivables": 13367000000, "longTermDebt": 48540000000, "inventory": 3514000000, "accountsPayable": 15679000000}, "2020-10-03": {"intangibleAssets": 19173000000, "totalLiab": 104037000000, "totalStockholderEquity": 83583000000, "minorityInterest": 13929000000, "otherCurrentLiab": 4809000000, "totalAssets": 201549000000, "commonStock": 54497000000, "otherCurrentAssets": 875000000, "retainedEarnings": 38315000000, "otherLiab": 21581000000, "goodWill": 77689000000, "treasuryStock": -9229000000, "otherAssets": 29407000000, "cash": 17914000000, "totalCurrentLiabilities": 26628000000, "shortLongTermDebt": 3688000000, "otherStockholderEquity": -8322000000, "propertyPlantEquipment": 36126000000, "totalCurrentAssets": 35251000000, "longTermInvestments": 3903000000, "netTangibleAssets": -13279000000, "netReceivables": 12708000000, "longTermDebt": 52917000000, "inventory": 3754000000, "accountsPayable": 12399000000}, "2019-09-28": {"intangibleAssets": 23215000000, "totalLiab": 91132000000, "totalStockholderEquity": 88877000000, "minorityInterest": 13975000000, "otherCurrentLiab": 5677000000, "totalAssets": 193984000000, "commonStock": 53907000000, "otherCurrentAssets": 979000000, "retainedEarnings": 42494000000, "otherLiab": 21530000000, "goodWill": 80293000000, "treasuryStock": -7524000000, "otherAssets": 27525000000, "cash": 5418000000, "totalCurrentLiabilities": 31341000000, "shortLongTermDebt": 3515000000, "otherStockholderEquity": -6617000000, "propertyPlantEquipment": 31603000000, "totalCurrentAssets": 28124000000, "longTermInvestments": 3224000000, "netTangibleAssets": -14631000000, "netReceivables": 15481000000, "longTermDebt": 38129000000, "inventory": 6246000000, "accountsPayable": 13778000000}, "2018-09-29": {"intangibleAssets": 6812000000, "totalLiab": 44643000000, "totalStockholderEquity": 48773000000, "minorityInterest": 5182000000, "otherCurrentLiab": 5378000000, "totalAssets": 98598000000, "commonStock": 36779000000, "otherCurrentAssets": 635000000, "retainedEarnings": 82679000000, "otherLiab": 9699000000, "goodWill": 31269000000, "treasuryStock": -70685000000, "otherAssets": 11253000000, "cash": 4150000000, "totalCurrentLiabilities": 17860000000, "shortLongTermDebt": 2785000000, "otherStockholderEquity": -3097000000, "propertyPlantEquipment": 29540000000, "totalCurrentAssets": 16825000000, "longTermInvestments": 2899000000, "netTangibleAssets": 10692000000, "netReceivables": 9334000000, "longTermDebt": 17084000000, "inventory": 2706000000, "accountsPayable": 6503000000}}, "quarterly": {"2022-07-02": {"intangibleAssets": 15334000000, "totalLiab": 98216000000, "totalStockholderEquity": 92500000000, "minorityInterest": 13358000000, "otherCurrentLiab": 4266000000, "totalAssets": 204074000000, "commonStock": 56087000000, "otherCurrentAssets": 1286000000, "retainedEarnings": 43462000000, "otherLiab": 21490000000, "goodWill": 77945000000, "treasuryStock": -7049000000, "otherAssets": 42554000000, "cash": 12959000000, "totalCurrentLiabilities": 30704000000, "shortLongTermDebt": 3862000000, "otherStockholderEquity": -6142000000, "propertyPlantEquipment": 33583000000, "totalCurrentAssets": 31422000000, "longTermInvestments": 3236000000, "netTangibleAssets": -779000000, "netReceivables": 13685000000, "longTermDebt": 46022000000, "inventory": 3492000000, "accountsPayable": 20858000000}, "2022-04-02": {"intangibleAssets": 15875000000, "totalLiab": 98440000000, "totalStockholderEquity": 90636000000, "minorityInterest": 13377000000, "otherCurrentLiab": 4533000000, "totalAssets": 202453000000, "commonStock": 55823000000, "otherCurrentAssets": 1185000000, "retainedEarnings": 42032000000, "otherLiab": 22215000000, "goodWill": 78019000000, "treasuryStock": -7219000000, "otherAssets": 40859000000, "cash": 13272000000, "totalCurrentLiabilities": 29601000000, "shortLongTermDebt": 3536000000, "otherStockholderEquity": -6312000000, "propertyPlantEquipment": 32917000000, "totalCurrentAssets": 31427000000, "longTermInvestments": 3356000000, "netTangibleAssets": -3258000000, "netReceivables": 13746000000, "longTermDebt": 46624000000, "inventory": 3224000000, "accountsPayable": 19669000000}, "2022-01-01": {"intangibleAssets": 16574000000, "totalLiab": 99718000000, "totalStockholderEquity": 89864000000, "minorityInterest": 13729000000, "otherCurrentLiab": 4545000000, "totalAssets": 203311000000, "commonStock": 55500000000, "otherCurrentAssets": 1117000000, "retainedEarnings": 41547000000, "otherLiab": 22332000000, "goodWill": 78052000000, "treasuryStock": -7183000000, "otherAssets": 39542000000, "cash": 14444000000, "totalCurrentLiabilities": 30037000000, "shortLongTermDebt": 4913000000, "otherStockholderEquity": -6276000000, "propertyPlantEquipment": 32681000000, "totalCurrentAssets": 32913000000, "longTermInvestments": 3549000000, "netTangibleAssets": -4762000000, "netReceivables": 14882000000, "longTermDebt": 47349000000, "inventory": 2470000000, "accountsPayable": 18709000000}, "2021-10-02": {"intangibleAssets": 17115000000, "totalLiab": 101385000000, "totalStockholderEquity": 88553000000, "minorityInterest": 13671000000, "otherCurrentLiab": 5372000000, "totalAssets": 203609000000, "commonStock": 55471000000, "otherCurrentAssets": 817000000, "retainedEarnings": 40429000000, "otherLiab": 18539000000, "goodWill": 78071000000, "treasuryStock": -7347000000, "otherAssets": 33976000000, "cash": 15959000000, "totalCurrentLiabilities": 31077000000, "shortLongTermDebt": 3874000000, "otherStockholderEquity": -6440000000, "propertyPlantEquipment": 36855000000, "totalCurrentAssets": 33657000000, "longTermInvestments": 3935000000, "netTangibleAssets": -6633000000, "netReceivables": 13367000000, "longTermDebt": 48540000000, "inventory": 3514000000, "accountsPayable": 15679000000}}}, "income": {"annual": {"2021-10-02": {"researchDevelopment": null, "effectOfAccountingCharges": null, "incomeBeforeTax": 2561000000, "minorityInterest": 13671000000, "netIncome": 1995000000, "sellingGeneralAdministrative": 13684000000, "grossProfit": 22287000000, "ebit": 3492000000, "operatingIncome": 3492000000, "otherOperatingExpenses": null, "interestExpense": -1546000000, "extraordinaryItems": null, "nonRecurring": null, "otherItems": null, "incomeTaxExpense": 25000000, "totalRevenue": 67418000000, "totalOperatingExpenses": 63926000000, "costOfRevenue": 45131000000, "totalOtherIncomeExpenseNet": -931000000, "discontinuedOperations": -29000000, "netIncomeFromContinuingOps": 2536000000, "netIncomeApplicableToCommonShares": 1995000000}, "2020-10-03": {"researchDevelopment": null, "effectOfAccountingCharges": null, "incomeBeforeTax": -1743000000, "minorityInterest": 13929000000, "netIncome": -2864000000, "sellingGeneralAdministrative": 12382000000, "grossProfit": 21508000000, "ebit": 3781000000, "operatingIncome": 3781000000, "otherOperatingExpenses": null, "interestExpense": -1647000000, "extraordinaryItems": null, "nonRecurring": null, "otherItems": null, "incomeTaxExpense": 699000000, "totalRevenue": 65388000000, "totalOperatingExpenses": 61607000000, "costOfRevenue": 43880000000, "totalOtherIncomeExpenseNet": -5524000000, "discontinuedOperations": -32000000, "netIncomeFromContinuingOps": -2442000000, "netIncomeApplicableToCommonShares": -2864000000}, "2019-09-28": {"researchDevelopment": null, "effectOfAccountingCharges": null, "incomeBeforeTax": 13923000000, "minorityInterest": 13975000000, "netIncome": 11054000000, "sellingGeneralAdministrative": 11349000000, "grossProfit": 27546000000, "ebit": 12030000000, "operatingIncome": 12030000000, "otherOperatingExpenses": null, "interestExpense": -1246000000, "extraordinaryItems": null, "nonRecurring": null, "otherItems": null, "incomeTaxExpense": 3026000000, "totalRevenue": 69607000000, "totalOperatingExpenses": 57577000000, "costOfRevenue": 42061000000, "totalOtherIncomeExpenseNet": 1893000000, "discontinuedOperations": 629000000, "netIncomeFromContinuingOps": 10897000000, "netIncomeApplicableToCommonShares": 11054000000}, "2018-09-29": {"researchDevelopment": null, "effectOfAccountingCharges": null, "incomeBeforeTax": 14729000000, "minorityInterest": 5182000000, "netIncome": 12598000000, "sellingGeneralAdministrative": 8860000000, "grossProfit": 26708000000, "ebit": 14837000000, "operatingIncome": 14837000000, "otherOperatingExpenses": null, "interestExpense": -682000000, "extraordinaryItems": null, "nonRecurring": null, "otherItems": null, "incomeTaxExpense": 1663000000, "totalRevenue": 59434000000, "totalOperatingExpenses": 44597000000, "costOfRevenue": 32726000000, "totalOtherIncomeExpenseNet": -108000000, "discontinuedOperations": 629000000, "netIncomeFromContinuingOps": 13066000000, "netIncomeApplicableToCommonShares": 12598000000}}, "quarterly": {"2022-07-02": {"researchDevelopment": null, "effectOfAccountingCharges": null, "incomeBeforeTax": 2119000000, "minorityInterest": 13358000000, "netIncome": 1409000000, "sellingGeneralAdministrative": 4087000000, "grossProfit": 7822000000, "ebit": 2445000000, "operatingIncome": 2445000000, "otherOperatingExpenses": null, "interestExpense": -380000000, "extraordinaryItems": null, "nonRecurring": null, "otherItems": null, "incomeTaxExpense": 617000000, "totalRevenue": 21504000000, "totalOperatingExpenses": 19059000000, "costOfRevenue": 13682000000, "totalOtherIncomeExpenseNet": -326000000, "discontinuedOperations": null, "netIncomeFromContinuingOps": 1502000000, "netIncomeApplicableToCommonShares": 1409000000}, "2022-04-02": {"researchDevelopment": null, "effectOfAccountingCharges": null, "incomeBeforeTax": 1102000000, "minorityInterest": 13377000000, "netIncome": 470000000, "sellingGeneralAdministrative": 3752000000, "grossProfit": 6655000000, "ebit": 1616000000, "operatingIncome": 1616000000, "otherOperatingExpenses": null, "interestExpense": -374000000, "extraordinaryItems": null, "nonRecurring": null, "otherItems": null, "incomeTaxExpense": 505000000, "totalRevenue": 19249000000, "totalOperatingExpenses": 17633000000, "costOfRevenue": 12594000000, "totalOtherIncomeExpenseNet": -514000000, "discontinuedOperations": null, "netIncomeFromContinuingOps": 597000000, "netIncomeApplicableToCommonShares": 470000000}, "2022-01-01": {"researchDevelopment": null, "effectOfAccountingCharges": null, "incomeBeforeTax": 1688000000, "minorityInterest": 13729000000, "netIncome": 1104000000, "sellingGeneralAdministrative": 3771000000, "grossProfit": 7252000000, "ebit": 2212000000, "operatingIncome": 2212000000, "otherOperatingExpenses": null, "interestExpense": -361000000, "extraordinaryItems": null, "nonRecurring": null, "otherItems": null, "incomeTaxExpense": 488000000, "totalRevenue": 21819000000, "totalOperatingExpenses": 19607000000, "costOfRevenue": 14567000000, "totalOtherIncomeExpenseNet": -524000000, "discontinuedOperations": -48000000, "netIncomeFromContinuingOps": 1200000000, "netIncomeApplicableToCommonShares": 1104000000}, "2021-10-02": {"researchDevelopment": null, "effectOfAccountingCharges": null, "incomeBeforeTax": 290000000, "minorityInterest": 13671000000, "netIncome": 159000000, "sellingGeneralAdministrative": 4386000000, "grossProfit": 6193000000, "ebit": 532000000, "operatingIncome": 532000000, "otherOperatingExpenses": null, "interestExpense": -323000000, "extraordinaryItems": null, "nonRecurring": null, "otherItems": null, "incomeTaxExpense": 34000000, "totalRevenue": 18534000000, "totalOperatingExpenses": 18002000000, "costOfRevenue": 12341000000, "totalOtherIncomeExpenseNet": -242000000, "discontinuedOperations": -1000000, "netIncomeFromContinuingOps": 256000000, "netIncomeApplicableToCommonShares": 159000000}}}, "cash": {"annual": {"2021-10-02": {"changeToLiabilities": 2410000000, "totalCashflowsFromInvestingActivities": -3163000000, "netBorrowings": -3699000000, "totalCashFromFinancingActivities": -4385000000, "changeToOperatingActivities": 171000000, "issuanceOfStock": 435000000, "netIncome": 1995000000, "changeInCash": -1951000000, "effectOfExchangeRate": 30000000, "totalCashFromOperatingActivities": 5567000000, "depreciation": 5111000000, "otherCashflowsFromInvestingActivities": 415000000, "changeToInventory": 252000000, "changeToAccountReceivables": -357000000, "otherCashflowsFromFinancingActivities": -1121000000, "changeToNetincome": -3733000000, "capitalExpenditures": -3578000000}, "2020-10-03": {"changeToLiabilities": -2293000000, "totalCashflowsFromInvestingActivities": -3637000000, "netBorrowings": 11233000000, "totalCashFromFinancingActivities": 8480000000, "changeToOperatingActivities": -157000000, "issuanceOfStock": 305000000, "netIncome": -2864000000, "changeInCash": 12499000000, "effectOfExchangeRate": 38000000, "totalCashFromOperatingActivities": 7618000000, "depreciation": 5345000000, "otherCashflowsFromInvestingActivities": 385000000, "dividendsPaid": -1587000000, "changeToInventory": 14000000, "changeToAccountReceivables": 1943000000, "otherCashflowsFromFinancingActivities": -1471000000, "changeToNetincome": 5782000000, "capitalExpenditures": -4022000000}, "2019-09-28": {"changeToLiabilities": 191000000, "totalCashflowsFromInvestingActivities": -4118000000, "netBorrowings": 3677000000, "totalCashFromFinancingActivities": -1090000000, "changeToOperatingActivities": 932000000, "issuanceOfStock": 318000000, "netIncome": 11054000000, "changeInCash": 1300000000, "effectOfExchangeRate": -98000000, "totalCashFromOperatingActivities": 6606000000, "depreciation": 4167000000, "otherCashflowsFromInvestingActivities": 10659000000, "dividendsPaid": -2895000000, "changeToInventory": -223000000, "changeToAccountReceivables": 55000000, "otherCashflowsFromFinancingActivities": -2190000000, "changeToNetincome": -2971000000, "capitalExpenditures": -4876000000}, "2018-09-29": {"changeToLiabilities": 235000000, "totalCashflowsFromInvestingActivities": -5336000000, "netBorrowings": -2583000000, "totalCashFromFinancingActivities": -8843000000, "changeToOperatingActivities": -927000000, "issuanceOfStock": 210000000, "netIncome": 12598000000, "changeInCash": 91000000, "repurchaseOfStock": -3577000000, "effectOfExchangeRate": -25000000, "totalCashFromOperatingActivities": 14295000000, "depreciation": 3011000000, "otherCashflowsFromInvestingActivities": 710000000, "dividendsPaid": -2515000000, "changeToInventory": -17000000, "changeToAccountReceivables": -720000000, "otherCashflowsFromFinancingActivities": -378000000, "changeToNetincome": -477000000, "capitalExpenditures": -4465000000}}, "quarterly": {"2022-07-02": {"changeToLiabilities": 457000000, "totalCashflowsFromInvestingActivities": -1848000000, "netBorrowings": -63000000, "totalCashFromFinancingActivities": -150000000, "changeToOperatingActivities": -8000000, "issuanceOfStock": 12000000, "netIncome": 1409000000, "changeInCash": -314000000, "effectOfExchangeRate": -238000000, "totalCashFromOperatingActivities": 1922000000, "depreciation": 1290000000, "otherCashflowsFromInvestingActivities": -113000000, "changeToInventory": -162000000, "changeToAccountReceivables": -164000000, "otherCashflowsFromFinancingActivities": -99000000, "changeToNetincome": -1565000000, "capitalExpenditures": -1735000000}, "2022-04-02": {"changeToLiabilities": 1230000000, "totalCashflowsFromInvestingActivities": -1037000000, "netBorrowings": -1369000000, "totalCashFromFinancingActivities": -1817000000, "changeToOperatingActivities": -561000000, "issuanceOfStock": 55000000, "netIncome": 470000000, "changeInCash": -1170000000, "effectOfExchangeRate": -81000000, "totalCashFromOperatingActivities": 1765000000, "depreciation": 1287000000, "otherCashflowsFromInvestingActivities": 42000000, "changeToInventory": -83000000, "changeToAccountReceivables": 1059000000, "otherCashflowsFromFinancingActivities": -503000000, "changeToNetincome": -1553000000, "capitalExpenditures": -1079000000}, "2022-01-01": {"changeToLiabilities": -2579000000, "totalCashflowsFromInvestingActivities": -987000000, "netBorrowings": -91000000, "totalCashFromFinancingActivities": -292000000, "changeToOperatingActivities": -115000000, "issuanceOfStock": 33000000, "netIncome": 1104000000, "changeInCash": -1515000000, "effectOfExchangeRate": -35000000, "totalCashFromOperatingActivities": -201000000, "depreciation": 1269000000, "otherCashflowsFromInvestingActivities": -6000000, "changeToInventory": -14000000, "changeToAccountReceivables": -1401000000, "otherCashflowsFromFinancingActivities": -234000000, "changeToNetincome": 2101000000, "capitalExpenditures": -981000000}, "2021-10-02": {"changeToLiabilities": 2069000000, "totalCashflowsFromInvestingActivities": -1086000000, "netBorrowings": -1324000000, "totalCashFromFinancingActivities": -1614000000, "changeToOperatingActivities": 284000000, "issuanceOfStock": 30000000, "netIncome": 159000000, "changeInCash": -112000000, "effectOfExchangeRate": -47000000, "totalCashFromOperatingActivities": 2635000000, "depreciation": 1275000000, "otherCashflowsFromInvestingActivities": 24000000, "changeToInventory": 16000000, "changeToAccountReceivables": -56000000, "otherCashflowsFromFinancingActivities": -320000000, "changeToNetincome": -1090000000, "capitalExpenditures": -1110000000}}}}, "LYV": {"balance": {"annual": {"2021-12-31": {"intangibleAssets": 1395366000, "capitalSurplus": 2897695000, "totalLiab": 14038851000, "totalStockholderEquity": -582651000, "minorityInterest": 946118000, "otherCurrentLiab": 4510288000, "totalAssets": 14402318000, "commonStock": 2220000, "otherCurrentAssets": 24865000, "retainedEarnings": -3327737000, "otherLiab": 431581000, "goodWill": 2590869000, "treasuryStock": -154829000, "otherAssets": 807505000, "cash": 4884729000, "totalCurrentLiabilities": 6855722000, "shortLongTermDebt": 585254000, "otherStockholderEquity": -147964000, "propertyPlantEquipment": 2630840000, "totalCurrentAssets": 6684093000, "longTermInvestments": 293645000, "netTangibleAssets": -4568886000, "netReceivables": 1085779000, "longTermDebt": 5140784000, "inventory": 33826000, "accountsPayable": 110623000}, "2020-12-31": {"intangibleAssets": 1224658000, "capitalSurplus": 2386790000, "totalLiab": 10450606000, "totalStockholderEquity": -471772000, "minorityInterest": 610469000, "otherCurrentLiab": 2850456000, "totalAssets": 10589303000, "commonStock": 2145000, "otherCurrentAssets": 11561000, "retainedEarnings": -2676833000, "otherLiab": 353267000, "goodWill": 2129203000, "treasuryStock": -183874000, "otherAssets": 889543000, "cash": 2537787000, "totalCurrentLiabilities": 3796569000, "shortLongTermDebt": 53415000, "otherStockholderEquity": -177009000, "propertyPlantEquipment": 2525637000, "totalCurrentAssets": 3649768000, "longTermInvestments": 170494000, "netTangibleAssets": -3825633000, "netReceivables": 501290000, "longTermDebt": 4855096000, "inventory": 22000000, "accountsPayable": 86356000}, "2019-12-31": {"intangibleAssets": 1239095000, "capitalSurplus": 2245619000, "totalLiab": 9062163000, "totalStockholderEquity": 1145820000, "minorityInterest": 767632000, "otherCurrentLiab": 2509030000, "totalAssets": 10975615000, "commonStock": 2113000, "otherCurrentAssets": 9939000, "retainedEarnings": -949334000, "otherLiab": 308821000, "goodWill": 1998498000, "treasuryStock": -152578000, "otherAssets": 857569000, "cash": 2470362000, "totalCurrentLiabilities": 4107599000, "shortLongTermDebt": 37795000, "otherStockholderEquity": -145713000, "propertyPlantEquipment": 2519951000, "totalCurrentAssets": 4192899000, "longTermInvestments": 167603000, "netTangibleAssets": -2091773000, "netReceivables": 1029448000, "longTermDebt": 3271262000, "inventory": 16106000, "accountsPayable": 100237000}, "2018-12-31": {"intangibleAssets": 1030305000, "capitalSurplus": 2268209000, "totalLiab": 6824788000, "totalStockholderEquity": 1098981000, "minorityInterest": 573117000, "otherCurrentLiab": 2375987000, "totalAssets": 8496886000, "commonStock": 2091000, "otherCurrentAssets": 21573000, "retainedEarnings": -1019223000, "otherLiab": 342044000, "goodWill": 1822943000, "treasuryStock": -152096000, "otherAssets": 711760000, "cash": 2371540000, "totalCurrentLiabilities": 3749866000, "shortLongTermDebt": 82142000, "otherStockholderEquity": -145231000, "propertyPlantEquipment": 946593000, "totalCurrentAssets": 3848074000, "longTermInvestments": 137211000, "netTangibleAssets": -1754267000, "netReceivables": 844520000, "longTermDebt": 2732878000, "inventory": 12575000, "accountsPayable": 90253000}}, "quarterly": {"2022-06-30": {"intangibleAssets": 1379106000, "capitalSurplus": 2853613000, "totalLiab": 15821006000, "totalStockholderEquity": -410164000, "minorityInterest": 1010186000, "otherCurrentLiab": 5459203000, "totalAssets": 16421028000, "commonStock": 2256000, "otherCurrentAssets": 80627000, "retainedEarnings": -3129597000, "otherLiab": 398756000, "goodWill": 2563119000, "treasuryStock": -136436000, "otherAssets": 914589000, "cash": 5860435000, "totalCurrentLiabilities": 8632043000, "shortLongTermDebt": 607190000, "otherStockholderEquity": -129571000, "propertyPlantEquipment": 2685932000, "totalCurrentAssets": 8550782000, "longTermInvestments": 327500000, "netTangibleAssets": -4352389000, "netReceivables": 1456198000, "longTermDebt": 5140155000, "accountsPayable": 219744000}, "2022-03-31": {"intangibleAssets": 1373389000, "capitalSurplus": 2888551000, "totalLiab": 15570567000, "totalStockholderEquity": -517817000, "minorityInterest": 953852000, "otherCurrentLiab": 5949664000, "totalAssets": 16006602000, "commonStock": 2235000, "otherCurrentAssets": 65296000, "retainedEarnings": -3317397000, "otherLiab": 436789000, "goodWill": 2604811000, "treasuryStock": -91206000, "otherAssets": 863578000, "cash": 5871905000, "totalCurrentLiabilities": 8278487000, "shortLongTermDebt": 611319000, "otherStockholderEquity": -84341000, "propertyPlantEquipment": 2736289000, "totalCurrentAssets": 8110435000, "longTermInvestments": 318100000, "netTangibleAssets": -4496017000, "netReceivables": 1210007000, "longTermDebt": 5146681000, "accountsPayable": 67008000}, "2021-12-31": {"intangibleAssets": 1395366000, "capitalSurplus": 2897695000, "totalLiab": 14038851000, "totalStockholderEquity": -582651000, "minorityInterest": 946118000, "otherCurrentLiab": 4510288000, "totalAssets": 14402318000, "commonStock": 2220000, "otherCurrentAssets": 24865000, "retainedEarnings": -3327737000, "otherLiab": 431581000, "goodWill": 2590869000, "treasuryStock": -154829000, "otherAssets": 807505000, "cash": 4884729000, "totalCurrentLiabilities": 6855722000, "shortLongTermDebt": 585254000, "otherStockholderEquity": -147964000, "propertyPlantEquipment": 2630840000, "totalCurrentAssets": 6684093000, "longTermInvestments": 293645000, "netTangibleAssets": -4568886000, "netReceivables": 1085779000, "longTermDebt": 5140784000, "inventory": 33826000, "accountsPayable": 110623000}, "2021-09-30": {"intangibleAssets": 1101292000, "capitalSurplus": 2903613000, "totalLiab": 13110173000, "totalStockholderEquity": -404844000, "minorityInterest": 625415000, "otherCurrentLiab": 3843818000, "totalAssets": 13330744000, "commonStock": 2218000, "otherCurrentAssets": 53083000, "retainedEarnings": -3132813000, "otherLiab": 416894000, "goodWill": 2109719000, "treasuryStock": -177862000, "otherAssets": 885638000, "cash": 4628880000, "totalCurrentLiabilities": 5558104000, "shortLongTermDebt": 46214000, "otherStockholderEquity": -170997000, "propertyPlantEquipment": 2432504000, "totalCurrentAssets": 6555291000, "longTermInvestments": 246300000, "netTangibleAssets": -3615855000, "netReceivables": 1182242000, "longTermDebt": 5686905000, "accountsPayable": 111142000}}}, "income": {"annual": {"2021-12-31": {"researchDevelopment": null, "effectOfAccountingCharges": null, "incomeBeforeTax": -611267000, "minorityInterest": 946118000, "netIncome": -650904000, "sellingGeneralAdministrative": 1921982000, "grossProfit": 1912458000, "ebit": -425801000, "operatingIncome": -425801000, "otherOperatingExpenses": null, "interestExpense": -282440000, "extraordinaryItems": null, "nonRecurring": null, "otherItems": null, "incomeTaxExpense": -2481000, "totalRevenue": 6268447000, "totalOperatingExpenses": 6694248000, "costOfRevenue": 4355989000, "totalOtherIncomeExpenseNet": -185466000, "discontinuedOperations": null, "netIncomeFromContinuingOps": -608786000, "netIncomeApplicableToCommonShares": -670675000}, "2020-12-31": {"researchDevelopment": null, "effectOfAccountingCharges": null, "incomeBeforeTax": -1856665000, "minorityInterest": 610469000, "netIncome": -1724535000, "sellingGeneralAdministrative": 1650890000, "grossProfit": 458778000, "ebit": -1653507000, "operatingIncome": -1653507000, "otherOperatingExpenses": null, "interestExpense": -226832000, "extraordinaryItems": null, "nonRecurring": null, "otherItems": null, "incomeTaxExpense": -28875000, "totalRevenue": 1861178000, "totalOperatingExpenses": 3514685000, "costOfRevenue": 1402400000, "totalOtherIncomeExpenseNet": -203158000, "discontinuedOperations": null, "netIncomeFromContinuingOps": -1827790000, "netIncomeApplicableToCommonShares": -1723355000}, "2019-12-31": {"researchDevelopment": null, "effectOfAccountingCharges": null, "incomeBeforeTax": 185104000, "minorityInterest": 767632000, "netIncome": 69889000, "sellingGeneralAdministrative": 2307627000, "grossProfit": 3080787000, "ebit": 329169000, "operatingIncome": 329169000, "otherOperatingExpenses": null, "interestExpense": -157521000, "extraordinaryItems": null, "nonRecurring": null, "otherItems": null, "incomeTaxExpense": 66892000, "totalRevenue": 11547969000, "totalOperatingExpenses": 11218800000, "costOfRevenue": 8467182000, "totalOtherIncomeExpenseNet": -144065000, "discontinuedOperations": null, "netIncomeFromContinuingOps": 118212000, "netIncomeApplicableToCommonShares": -4882000}, "2018-12-31": {"researchDevelopment": null, "effectOfAccountingCharges": null, "incomeBeforeTax": 131105000, "minorityInterest": 573117000, "netIncome": 60249000, "sellingGeneralAdministrative": 2136309000, "grossProfit": 2819868000, "ebit": 307530000, "operatingIncome": 307530000, "otherOperatingExpenses": null, "interestExpense": -140976000, "extraordinaryItems": null, "nonRecurring": null, "otherItems": null, "incomeTaxExpense": 40765000, "totalRevenue": 10787800000, "totalOperatingExpenses": 10480270000, "costOfRevenue": 7967932000, "totalOtherIncomeExpenseNet": -176425000, "discontinuedOperations": null, "netIncomeFromContinuingOps": 90340000, "netIncomeApplicableToCommonShares": -17651000}}, "quarterly": {"2022-06-30": {"researchDevelopment": null, "effectOfAccountingCharges": null, "incomeBeforeTax": 260372000, "minorityInterest": 1010186000, "netIncome": 187800000, "sellingGeneralAdministrative": 731460000, "grossProfit": 1167151000, "ebit": 319764000, "operatingIncome": 319764000, "otherOperatingExpenses": null, "interestExpense": -68435000, "extraordinaryItems": null, "nonRecurring": null, "otherItems": null, "incomeTaxExpense": 31995000, "totalRevenue": 4434174000, "totalOperatingExpenses": 4114410000, "costOfRevenue": 3267023000, "totalOtherIncomeExpenseNet": -59392000, "discontinuedOperations": null, "netIncomeFromContinuingOps": 228377000, "netIncomeApplicableToCommonShares": 155240000}, "2022-03-31": {"researchDevelopment": null, "effectOfAccountingCharges": null, "incomeBeforeTax": -37260000, "minorityInterest": 953852000, "netIncome": -50182000, "sellingGeneralAdministrative": 602592000, "grossProfit": 731786000, "ebit": 28725000, "operatingIncome": 28725000, "otherOperatingExpenses": null, "interestExpense": -66773000, "extraordinaryItems": null, "nonRecurring": null, "otherItems": null, "incomeTaxExpense": 11696000, "totalRevenue": 1802808000, "totalOperatingExpenses": 1774083000, "costOfRevenue": 1071022000, "totalOtherIncomeExpenseNet": -65985000, "discontinuedOperations": null, "netIncomeFromContinuingOps": -48956000, "netIncomeApplicableToCommonShares": -85896000}, "2021-12-31": {"researchDevelopment": null, "effectOfAccountingCharges": null, "incomeBeforeTax": -180047000, "minorityInterest": 946118000, "netIncome": -194924000, "sellingGeneralAdministrative": 723111000, "grossProfit": 694179000, "ebit": -131451000, "operatingIncome": -131451000, "otherOperatingExpenses": null, "interestExpense": -72294000, "extraordinaryItems": null, "nonRecurring": null, "otherItems": null, "incomeTaxExpense": -17576000, "totalRevenue": 2703170000, "totalOperatingExpenses": 2834621000, "costOfRevenue": 2008991000, "totalOtherIncomeExpenseNet": -48596000, "discontinuedOperations": null, "netIncomeFromContinuingOps": -162471000, "netIncomeApplicableToCommonShares": -210485000}, "2021-09-30": {"researchDevelopment": null, "effectOfAccountingCharges": null, "incomeBeforeTax": 93288000, "minorityInterest": 625415000, "netIncome": 46878000, "sellingGeneralAdministrative": 491578000, "grossProfit": 728810000, "ebit": 135997000, "operatingIncome": 135997000, "otherOperatingExpenses": null, "interestExpense": -70407000, "extraordinaryItems": null, "nonRecurring": null, "otherItems": null, "incomeTaxExpense": 6421000, "totalRevenue": 2698722000, "totalOperatingExpenses": 2562725000, "costOfRevenue": 1969912000, "totalOtherIncomeExpenseNet": -42709000, "discontinuedOperations": null, "netIncomeFromContinuingOps": 86867000, "netIncomeApplicableToCommonShares": 42633000}}}, "cash": {"annual": {"2021-12-31": {"investments": -20157000, "changeToLiabilities": 2163671000, "totalCashflowsFromInvestingActivities": -566962000, "netBorrowings": 794122000, "totalCashFromFinancingActivities": 1171332000, "changeToOperatingActivities": 95533000, "issuanceOfStock": 480248000, "netIncome": -650904000, "changeInCash": 2341353000, "repurchaseOfStock": -45845000, "effectOfExchangeRate": -43585000, "totalCashFromOperatingActivities": 1780568000, "depreciation": 416277000, "otherCashflowsFromInvestingActivities": -2720000, "changeToAccountReceivables": -485211000, "otherCashflowsFromFinancingActivities": -57193000, "changeToNetincome": 129536000, "capitalExpenditures": -152734000}, "2020-12-31": {"investments": 7761000, "changeToLiabilities": -552762000, "totalCashflowsFromInvestingActivities": -224062000, "netBorrowings": 1576378000, "totalCashFromFinancingActivities": 1350082000, "changeToOperatingActivities": 141631000, "issuanceOfStock": 30647000, "netIncome": -1724535000, "changeInCash": 72197000, "repurchaseOfStock": -47539000, "effectOfExchangeRate": 29565000, "totalCashFromOperatingActivities": -1083388000, "depreciation": 461395000, "otherCashflowsFromInvestingActivities": 31869000, "changeToAccountReceivables": 490588000, "otherCashflowsFromFinancingActivities": -209404000, "changeToNetincome": 19550000, "capitalExpenditures": -213746000}, "2019-12-31": {"investments": -55825000, "changeToLiabilities": 42371000, "totalCashflowsFromInvestingActivities": -691000000, "netBorrowings": 500133000, "totalCashFromFinancingActivities": 328889000, "changeToOperatingActivities": -170486000, "issuanceOfStock": 14104000, "netIncome": 69889000, "changeInCash": 96039000, "repurchaseOfStock": -15353000, "effectOfExchangeRate": -11633000, "totalCashFromOperatingActivities": 469783000, "depreciation": 417191000, "otherCashflowsFromInvestingActivities": -34277000, "changeToAccountReceivables": -159792000, "otherCashflowsFromFinancingActivities": -169995000, "changeToNetincome": 166192000, "capitalExpenditures": -323566000}, "2018-12-31": {"investments": -46497000, "changeToLiabilities": 667998000, "totalCashflowsFromInvestingActivities": -496909000, "netBorrowings": 458271000, "totalCashFromFinancingActivities": 188784000, "changeToOperatingActivities": -266241000, "issuanceOfStock": 22568000, "netIncome": 60249000, "changeInCash": 549381000, "repurchaseOfStock": -55005000, "effectOfExchangeRate": -84080000, "totalCashFromOperatingActivities": 941586000, "depreciation": 376029000, "otherCashflowsFromInvestingActivities": -54721000, "changeToAccountReceivables": -135429000, "otherCashflowsFromFinancingActivities": -237050000, "changeToNetincome": 138674000, "capitalExpenditures": -239833000}}, "quarterly": {"2022-06-30": {"investments": -19584000, "changeToLiabilities": 478973000, "totalCashflowsFromInvestingActivities": -129783000, "netBorrowings": -6545000, "totalCashFromFinancingActivities": -62594000, "changeToOperatingActivities": -269922000, "issuanceOfStock": 15144000, "netIncome": 187800000, "changeInCash": -8863000, "repurchaseOfStock": -5163000, "effectOfExchangeRate": -165624000, "totalCashFromOperatingActivities": 349138000, "depreciation": 115927000, "otherCashflowsFromInvestingActivities": -10425000, "changeToAccountReceivables": -287565000, "otherCashflowsFromFinancingActivities": -66030000, "changeToNetincome": 97950000, "capitalExpenditures": -67753000}, "2022-03-31": {"investments": -25911000, "changeToLiabilities": 1547111000, "totalCashflowsFromInvestingActivities": -114953000, "netBorrowings": -12084000, "totalCashFromFinancingActivities": -75041000, "changeToOperatingActivities": -338017000, "issuanceOfStock": 10907000, "netIncome": -50182000, "changeInCash": 987227000, "repurchaseOfStock": -36568000, "effectOfExchangeRate": -21079000, "totalCashFromOperatingActivities": 1198300000, "depreciation": 100469000, "otherCashflowsFromInvestingActivities": -12555000, "changeToAccountReceivables": -152725000, "otherCashflowsFromFinancingActivities": -37296000, "changeToNetincome": 69003000, "capitalExpenditures": -62525000}, "2021-12-31": {"investments": -45504000, "changeToLiabilities": 289164000, "totalCashflowsFromInvestingActivities": -455203000, "netBorrowings": -16874000, "totalCashFromFinancingActivities": -50989000, "changeToOperatingActivities": 188168000, "issuanceOfStock": 511000, "netIncome": -194924000, "changeInCash": 254595000, "repurchaseOfStock": -3114000, "effectOfExchangeRate": 4916000, "totalCashFromOperatingActivities": 755871000, "depreciation": 102519000, "otherCashflowsFromInvestingActivities": 10878000, "changeToAccountReceivables": 204894000, "otherCashflowsFromFinancingActivities": -31512000, "changeToNetincome": 131514000, "capitalExpenditures": -48820000}, "2021-09-30": {"investments": -2542000, "changeToLiabilities": 180007000, "totalCashflowsFromInvestingActivities": -61464000, "netBorrowings": 385053000, "totalCashFromFinancingActivities": 820852000, "changeToOperatingActivities": 9919000, "issuanceOfStock": 451654000, "netIncome": 46878000, "changeInCash": 585560000, "repurchaseOfStock": -4522000, "effectOfExchangeRate": -28536000, "totalCashFromOperatingActivities": -145292000, "depreciation": 101437000, "otherCashflowsFromInvestingActivities": -12298000, "changeToAccountReceivables": -546762000, "otherCashflowsFromFinancingActivities": -11333000, "changeToNetincome": 33200000, "capitalExpenditures": -45848000}}}}}