{"PAYX": {"balance": {"annual": {"2022-05-31": {"intangibleAssets": 224600000, "capitalSurplus": 1545900000, "totalLiab": 6550000000, "totalStockholderEquity": 3085200000, "deferredLongTermLiab": 433300000, "otherCurrentLiab": 4220900000, "totalAssets": 9635200000, "commonStock": 3600000, "otherCurrentAssets": 3956400000, "retainedEarnings": 1669600000, "otherLiab": 408300000, "goodWill": 1831500000, "treasuryStock": -133900000, "otherAssets": 512500000, "cash": 370000000, "totalCurrentLiabilities": 5269200000, "otherStockholderEquity": -133900000, "propertyPlantEquipment": 480000000, "totalCurrentAssets": 6581600000, "longTermInvestments": 5000000, "netTangibleAssets": 1029100000, "shortTermInvestments": 853900000, "netReceivables": 1318200000, "longTermDebt": 797700000, "accountsPayable": 105700000}, "2021-05-31": {"intangibleAssets": 275800000, "capitalSurplus": 1446700000, "totalLiab": 6279200000, "totalStockholderEquity": 2948000000, "deferredLongTermLiab": 384100000, "otherCurrentLiab": 4045700000, "totalAssets": 9227200000, "commonStock": 3600000, "otherCurrentAssets": 4008200000, "retainedEarnings": 1445900000, "otherLiab": 451300000, "goodWill": 1820700000, "treasuryStock": 51800000, "otherAssets": 455300000, "cash": 995200000, "totalCurrentLiabilities": 4938200000, "otherStockholderEquity": 51800000, "propertyPlantEquipment": 498800000, "totalCurrentAssets": 6169500000, "longTermInvestments": 7100000, "netTangibleAssets": 851500000, "shortTermInvestments": 36700000, "netReceivables": 1053600000, "longTermDebt": 797300000, "accountsPayable": 89000000}, "2020-05-31": {"intangibleAssets": 330600000, "capitalSurplus": 1289900000, "totalLiab": 5769300000, "totalStockholderEquity": 2781400000, "deferredLongTermLiab": 372500000, "otherCurrentLiab": 3661100000, "totalAssets": 8550700000, "commonStock": 3600000, "otherCurrentAssets": 3497100000, "retainedEarnings": 1431400000, "otherLiab": 448700000, "goodWill": 1791100000, "treasuryStock": 56500000, "otherAssets": 432000000, "cash": 905200000, "totalCurrentLiabilities": 4426900000, "otherStockholderEquity": 56500000, "propertyPlantEquipment": 522200000, "totalCurrentAssets": 5464600000, "longTermInvestments": 10200000, "netTangibleAssets": 659700000, "shortTermInvestments": 27200000, "netReceivables": 790300000, "longTermDebt": 796800000, "accountsPayable": 79400000}, "2019-05-31": {"intangibleAssets": 399100000, "capitalSurplus": 1206300000, "totalLiab": 6056500000, "totalStockholderEquity": 2619500000, "deferredLongTermLiab": 366300000, "otherCurrentLiab": 4044100000, "totalAssets": 8676000000, "commonStock": 3600000, "otherCurrentAssets": 3877000000, "retainedEarnings": 1409500000, "otherLiab": 415100000, "goodWill": 1782600000, "treasuryStock": 100000, "otherAssets": 397700000, "cash": 673600000, "totalCurrentLiabilities": 4845000000, "otherStockholderEquity": 100000, "propertyPlantEquipment": 408700000, "totalCurrentAssets": 5677700000, "longTermInvestments": 10200000, "netTangibleAssets": 437800000, "shortTermInvestments": 39000000, "netReceivables": 854200000, "longTermDebt": 796400000, "accountsPayable": 75900000}}, "quarterly": {"2022-05-31": {"intangibleAssets": 224600000, "capitalSurplus": 1545900000, "totalLiab": 6550000000, "totalStockholderEquity": 3085200000, "deferredLongTermLiab": 433300000, "otherCurrentLiab": 4220900000, "totalAssets": 9635200000, "commonStock": 3600000, "otherCurrentAssets": 3956400000, "retainedEarnings": 1669600000, "otherLiab": 408300000, "goodWill": 1831500000, "treasuryStock": -133900000, "otherAssets": 512500000, "cash": 370000000, "totalCurrentLiabilities": 5269200000, "otherStockholderEquity": -133900000, "propertyPlantEquipment": 480000000, "totalCurrentAssets": 6581600000, "longTermInvestments": 5000000, "netTangibleAssets": 1029100000, "shortTermInvestments": 853900000, "netReceivables": 1318200000, "longTermDebt": 797700000, "accountsPayable": 105700000}, "2022-02-28": {"intangibleAssets": 234800000, "capitalSurplus": 1530900000, "totalLiab": 6997700000, "totalStockholderEquity": 3286000000, "deferredLongTermLiab": 414100000, "otherCurrentLiab": 4754600000, "totalAssets": 10283700000, "commonStock": 3600000, "otherCurrentAssets": 4584900000, "retainedEarnings": 1798500000, "otherLiab": 432900000, "goodWill": 1831800000, "treasuryStock": -47000000, "otherAssets": 491200000, "cash": 267500000, "totalCurrentLiabilities": 5687900000, "otherStockholderEquity": -47000000, "propertyPlantEquipment": 483500000, "totalCurrentAssets": 7237300000, "longTermInvestments": 5100000, "netTangibleAssets": 1219400000, "shortTermInvestments": 1086000000, "netReceivables": 1204700000, "longTermDebt": 797600000, "accountsPayable": 111400000}, "2021-11-30": {"intangibleAssets": 245900000, "capitalSurplus": 1505500000, "totalLiab": 6568300000, "totalStockholderEquity": 3119800000, "deferredLongTermLiab": 394000000, "otherCurrentLiab": 4287100000, "totalAssets": 9688100000, "commonStock": 3600000, "otherCurrentAssets": 4161400000, "retainedEarnings": 1606900000, "otherLiab": 462200000, "goodWill": 1832300000, "treasuryStock": 3800000, "otherAssets": 474600000, "cash": 636200000, "totalCurrentLiabilities": 5221900000, "otherStockholderEquity": 3800000, "propertyPlantEquipment": 495900000, "totalCurrentAssets": 6632400000, "longTermInvestments": 7000000, "netTangibleAssets": 1041600000, "shortTermInvestments": 376000000, "netReceivables": 1371500000, "longTermDebt": 797500000, "accountsPayable": 85900000}, "2021-08-31": {"intangibleAssets": 260000000, "capitalSurplus": 1481500000, "totalLiab": 6323800000, "totalStockholderEquity": 3043500000, "deferredLongTermLiab": 387400000, "otherCurrentLiab": 4144200000, "totalAssets": 9367300000, "commonStock": 3600000, "otherCurrentAssets": 4005200000, "retainedEarnings": 1513300000, "otherLiab": 475900000, "goodWill": 1816700000, "treasuryStock": 45100000, "otherAssets": 466600000, "cash": 1102000000, "totalCurrentLiabilities": 4957900000, "otherStockholderEquity": 45100000, "propertyPlantEquipment": 499600000, "totalCurrentAssets": 6317300000, "longTermInvestments": 7100000, "netTangibleAssets": 966800000, "shortTermInvestments": 39600000, "netReceivables": 1084500000, "longTermDebt": 797400000, "accountsPayable": 79000000}}}, "income": {"annual": {"2022-05-31": {"researchDevelopment": null, "effectOfAccountingCharges": null, "incomeBeforeTax": 1824600000, "minorityInterest": null, "netIncome": 1392800000, "sellingGeneralAdministrative": 1415400000, "grossProfit": 3255400000, "ebit": 1840000000, "operatingIncome": 1840000000, "otherOperatingExpenses": null, "interestExpense": -36600000, "extraordinaryItems": null, "nonRecurring": null, "otherItems": null, "incomeTaxExpense": 431800000, "totalRevenue": 4611700000, "totalOperatingExpenses": 2771700000, "costOfRevenue": 1356300000, "totalOtherIncomeExpenseNet": -15400000, "discontinuedOperations": null, "netIncomeFromContinuingOps": 1392800000, "netIncomeApplicableToCommonShares": 1392800000}, "2021-05-31": {"researchDevelopment": null, "effectOfAccountingCharges": null, "incomeBeforeTax": 1434200000, "minorityInterest": null, "netIncome": 1097500000, "sellingGeneralAdministrative": 1324900000, "grossProfit": 2785600000, "ebit": 1460700000, "operatingIncome": 1460700000, "otherOperatingExpenses": null, "interestExpense": -33500000, "extraordinaryItems": null, "nonRecurring": null, "otherItems": null, "incomeTaxExpense": 336700000, "totalRevenue": 4056800000, "totalOperatingExpenses": 2596100000, "costOfRevenue": 1271200000, "totalOtherIncomeExpenseNet": -25300000, "discontinuedOperations": null, "netIncomeFromContinuingOps": 1097500000, "netIncomeApplicableToCommonShares": 1097500000}, "2020-05-31": {"researchDevelopment": null, "effectOfAccountingCharges": null, "incomeBeforeTax": 1437100000, "minorityInterest": null, "netIncome": 1098100000, "sellingGeneralAdministrative": 1299200000, "grossProfit": 2759700000, "ebit": 1460500000, "operatingIncome": 1460500000, "otherOperatingExpenses": null, "interestExpense": -38800000, "extraordinaryItems": null, "nonRecurring": null, "otherItems": null, "incomeTaxExpense": 339000000, "totalRevenue": 4040500000, "totalOperatingExpenses": 2580000000, "costOfRevenue": 1280800000, "totalOtherIncomeExpenseNet": -23400000, "discontinuedOperations": null, "netIncomeFromContinuingOps": 1098100000, "netIncomeApplicableToCommonShares": 1098100000}, "2019-05-31": {"researchDevelopment": null, "effectOfAccountingCharges": null, "incomeBeforeTax": 1368000000, "minorityInterest": null, "netIncome": 1034400000, "sellingGeneralAdministrative": 1218100000, "grossProfit": 2594700000, "ebit": 1376600000, "operatingIncome": 1376600000, "otherOperatingExpenses": null, "interestExpense": -17600000, "extraordinaryItems": null, "nonRecurring": null, "otherItems": null, "incomeTaxExpense": 333600000, "totalRevenue": 3772500000, "totalOperatingExpenses": 2395900000, "costOfRevenue": 1177800000, "totalOtherIncomeExpenseNet": -8600000, "discontinuedOperations": null, "netIncomeFromContinuingOps": 1034400000, "netIncomeApplicableToCommonShares": 1034400000}}, "quarterly": {"2022-05-31": {"researchDevelopment": null, "effectOfAccountingCharges": null, "incomeBeforeTax": 388800000, "minorityInterest": null, "netIncome": 296400000, "sellingGeneralAdministrative": 390300000, "grossProfit": 784300000, "ebit": 394000000, "operatingIncome": 394000000, "otherOperatingExpenses": null, "interestExpense": -9100000, "extraordinaryItems": null, "nonRecurring": null, "otherItems": null, "incomeTaxExpense": 92400000, "totalRevenue": 1144300000, "totalOperatingExpenses": 750300000, "costOfRevenue": 360000000, "totalOtherIncomeExpenseNet": -5200000, "discontinuedOperations": null, "netIncomeFromContinuingOps": 296400000, "netIncomeApplicableToCommonShares": 296400000}, "2022-02-28": {"researchDevelopment": null, "effectOfAccountingCharges": null, "incomeBeforeTax": 554300000, "minorityInterest": null, "netIncome": 430700000, "sellingGeneralAdministrative": 361000000, "grossProfit": 923800000, "ebit": 562800000, "operatingIncome": 562800000, "otherOperatingExpenses": null, "interestExpense": -9000000, "extraordinaryItems": null, "nonRecurring": null, "otherItems": null, "incomeTaxExpense": 123600000, "totalRevenue": 1276000000, "totalOperatingExpenses": 713200000, "costOfRevenue": 352200000, "totalOtherIncomeExpenseNet": -8500000, "discontinuedOperations": null, "netIncomeFromContinuingOps": 430700000, "netIncomeApplicableToCommonShares": 430700000}, "2021-11-30": {"researchDevelopment": null, "effectOfAccountingCharges": null, "incomeBeforeTax": 437600000, "minorityInterest": null, "netIncome": 332100000, "sellingGeneralAdministrative": 336600000, "grossProfit": 776900000, "ebit": 440300000, "operatingIncome": 440300000, "otherOperatingExpenses": null, "interestExpense": -9300000, "extraordinaryItems": null, "nonRecurring": null, "otherItems": null, "incomeTaxExpense": 105500000, "totalRevenue": 1108500000, "totalOperatingExpenses": 668200000, "costOfRevenue": 331600000, "totalOtherIncomeExpenseNet": -2700000, "discontinuedOperations": null, "netIncomeFromContinuingOps": 332100000, "netIncomeApplicableToCommonShares": 332100000}, "2021-08-31": {"researchDevelopment": null, "effectOfAccountingCharges": null, "incomeBeforeTax": 443900000, "minorityInterest": null, "netIncome": 333600000, "sellingGeneralAdministrative": 327500000, "grossProfit": 770400000, "ebit": 442900000, "operatingIncome": 442900000, "otherOperatingExpenses": null, "interestExpense": -9200000, "extraordinaryItems": null, "nonRecurring": null, "otherItems": null, "incomeTaxExpense": 110300000, "totalRevenue": 1082900000, "totalOperatingExpenses": 640000000, "costOfRevenue": 312500000, "totalOtherIncomeExpenseNet": 1000000, "discontinuedOperations": null, "netIncomeFromContinuingOps": 333600000, "netIncomeApplicableToCommonShares": 333600000}}}, "cash": {"annual": {"2022-05-31": {"investments": -1252800000, "changeToLiabilities": 151800000, "totalCashflowsFromInvestingActivities": -1420900000, "netBorrowings": 1300000, "totalCashFromFinancingActivities": -979300000, "changeToOperatingActivities": -250300000, "issuanceOfStock": 22600000, "netIncome": 1392800000, "changeInCash": -894700000, "repurchaseOfStock": -145200000, "totalCashFromOperatingActivities": 1505500000, "depreciation": 214500000, "otherCashflowsFromInvestingActivities": -10600000, "dividendsPaid": -999600000, "changeToAccountReceivables": -277000000, "otherCashflowsFromFinancingActivities": 141600000, "changeToNetincome": 71600000, "capitalExpenditures": -132600000}, "2021-05-31": {"investments": -317800000, "changeToLiabilities": 169000000, "totalCashflowsFromInvestingActivities": -460600000, "netBorrowings": 2300000, "totalCashFromFinancingActivities": -636400000, "changeToOperatingActivities": -190800000, "issuanceOfStock": 85700000, "netIncome": 1097500000, "changeInCash": 163300000, "repurchaseOfStock": -155700000, "totalCashFromOperatingActivities": 1260300000, "depreciation": 192000000, "otherCashflowsFromInvestingActivities": -8700000, "dividendsPaid": -908700000, "changeToAccountReceivables": -272900000, "otherCashflowsFromFinancingActivities": 340000000, "changeToNetincome": 74100000, "capitalExpenditures": -114600000}, "2020-05-31": {"investments": 914800000, "changeToLiabilities": -4900000, "totalCashflowsFromInvestingActivities": 771900000, "netBorrowings": 5100000, "totalCashFromFinancingActivities": -1488200000, "changeToOperatingActivities": -183900000, "issuanceOfStock": 21300000, "netIncome": 1098100000, "changeInCash": 724600000, "repurchaseOfStock": -171900000, "totalCashFromOperatingActivities": 1440900000, "depreciation": 244100000, "otherCashflowsFromInvestingActivities": -9800000, "dividendsPaid": -889400000, "changeToAccountReceivables": 55100000, "otherCashflowsFromFinancingActivities": -453300000, "changeToNetincome": 46300000, "capitalExpenditures": -127000000}, "2019-05-31": {"investments": -507000000, "changeToLiabilities": 77500000, "totalCashflowsFromInvestingActivities": -1628300000, "netBorrowings": 796300000, "totalCashFromFinancingActivities": -1008500000, "changeToOperatingActivities": -188100000, "issuanceOfStock": 29500000, "netIncome": 1034400000, "changeInCash": -1365300000, "repurchaseOfStock": -56900000, "totalCashFromOperatingActivities": 1271500000, "depreciation": 181500000, "otherCashflowsFromInvestingActivities": -5300000, "dividendsPaid": -826800000, "changeToAccountReceivables": -117200000, "otherCashflowsFromFinancingActivities": -950600000, "changeToNetincome": 103200000, "capitalExpenditures": -123800000}}, "quarterly": {"2022-05-31": {"investments": -219200000, "changeToLiabilities": 98400000, "totalCashflowsFromInvestingActivities": -252800000, "totalCashFromFinancingActivities": -945900000, "changeToOperatingActivities": -66100000, "issuanceOfStock": 6500000, "netIncome": 296400000, "changeInCash": -861500000, "repurchaseOfStock": -145200000, "totalCashFromOperatingActivities": 337200000, "depreciation": 71800000, "otherCashflowsFromInvestingActivities": -300000, "dividendsPaid": -284700000, "changeToAccountReceivables": -120900000, "otherCashflowsFromFinancingActivities": -522500000, "changeToNetincome": 5700000, "capitalExpenditures": -33300000}, "2022-02-28": {"investments": -678400000, "changeToLiabilities": -41600000, "totalCashflowsFromInvestingActivities": -716700000, "netBorrowings": -200000, "totalCashFromFinancingActivities": 269500000, "changeToOperatingActivities": -57800000, "issuanceOfStock": 12000000, "netIncome": 430700000, "changeInCash": 165700000, "repurchaseOfStock": -145200000, "totalCashFromOperatingActivities": 612900000, "depreciation": 48400000, "otherCashflowsFromInvestingActivities": -3600000, "dividendsPaid": -238500000, "changeToAccountReceivables": 164300000, "otherCashflowsFromFinancingActivities": 496200000, "changeToNetincome": 17800000, "capitalExpenditures": -34700000}, "2021-11-30": {"investments": -364600000, "changeToLiabilities": 124100000, "totalCashflowsFromInvestingActivities": -429100000, "netBorrowings": 1800000, "totalCashFromFinancingActivities": -91200000, "changeToOperatingActivities": -115000000, "issuanceOfStock": 4100000, "netIncome": 332100000, "changeInCash": -350500000, "repurchaseOfStock": -145200000, "totalCashFromOperatingActivities": 169800000, "depreciation": 48600000, "otherCashflowsFromInvestingActivities": -5400000, "dividendsPaid": -238300000, "changeToAccountReceivables": -290000000, "otherCashflowsFromFinancingActivities": 141200000, "changeToNetincome": 20000000, "capitalExpenditures": -34200000}, "2021-08-31": {"investments": 9400000, "changeToLiabilities": -29100000, "totalCashflowsFromInvestingActivities": -22300000, "netBorrowings": -300000, "totalCashFromFinancingActivities": -211700000, "changeToOperatingActivities": -11400000, "issuanceOfStock": 4100000, "netIncome": 333600000, "changeInCash": 151600000, "repurchaseOfStock": -145200000, "totalCashFromOperatingActivities": 385600000, "depreciation": 45700000, "otherCashflowsFromInvestingActivities": -1300000, "dividendsPaid": -238100000, "changeToAccountReceivables": -30400000, "otherCashflowsFromFinancingActivities": 26700000, "changeToNetincome": 28100000, "capitalExpenditures": -30400000}}}}, "IQV": {"balance": {"annual": {"2021-12-31": {"intangibleAssets": 4943000000, "capitalSurplus": 10774000000, "totalLiab": 18647000000, "totalStockholderEquity": 6042000000, "otherCurrentLiab": 2965000000, "totalAssets": 24689000000, "commonStock": 3000000, "otherCurrentAssets": 521000000, "retainedEarnings": 2243000000, "otherLiab": 858000000, "goodWill": 13301000000, "treasuryStock": -6978000000, "otherAssets": 611000000, "cash": 1366000000, "totalCurrentLiabilities": 5241000000, "deferredLongTermAssetCharges": 124000000, "shortLongTermDebt": 91000000, "otherStockholderEquity": -406000000, "propertyPlantEquipment": 903000000, "totalCurrentAssets": 4763000000, "longTermInvestments": 168000000, "netTangibleAssets": -12202000000, "shortTermInvestments": 111000000, "netReceivables": 2609000000, "longTermDebt": 12058000000, "accountsPayable": 621000000}, "2020-12-31": {"intangibleAssets": 5205000000, "capitalSurplus": 11092000000, "totalLiab": 18284000000, "totalStockholderEquity": 6001000000, "minorityInterest": 279000000, "otherCurrentLiab": 2557000000, "totalAssets": 24564000000, "commonStock": 3000000, "otherCurrentAssets": 563000000, "retainedEarnings": 1277000000, "otherLiab": 915000000, "goodWill": 12654000000, "treasuryStock": -6371000000, "otherAssets": 500000000, "cash": 1814000000, "totalCurrentLiabilities": 4558000000, "deferredLongTermAssetCharges": 114000000, "shortLongTermDebt": 149000000, "otherStockholderEquity": -205000000, "propertyPlantEquipment": 953000000, "totalCurrentAssets": 5090000000, "longTermInvestments": 162000000, "netTangibleAssets": -11858000000, "shortTermInvestments": 88000000, "netReceivables": 2466000000, "longTermDebt": 12440000000, "accountsPayable": 581000000}, "2019-12-31": {"intangibleAssets": 5514000000, "capitalSurplus": 11046000000, "totalLiab": 16988000000, "totalStockholderEquity": 6003000000, "minorityInterest": 260000000, "otherCurrentLiab": 2215000000, "totalAssets": 23251000000, "commonStock": 3000000, "otherCurrentAssets": 451000000, "retainedEarnings": 998000000, "otherLiab": 1072000000, "goodWill": 12159000000, "treasuryStock": -6044000000, "otherAssets": 346000000, "cash": 837000000, "totalCurrentLiabilities": 3945000000, "deferredLongTermAssetCharges": 119000000, "shortLongTermDebt": 100000000, "otherStockholderEquity": -311000000, "propertyPlantEquipment": 954000000, "totalCurrentAssets": 4126000000, "longTermInvestments": 152000000, "netTangibleAssets": -11670000000, "shortTermInvestments": 62000000, "netReceivables": 2638000000, "longTermDebt": 11575000000, "accountsPayable": 575000000}, "2018-12-31": {"intangibleAssets": 5951000000, "capitalSurplus": 10898000000, "totalLiab": 15595000000, "totalStockholderEquity": 6714000000, "minorityInterest": 240000000, "otherCurrentLiab": 1981000000, "totalAssets": 22549000000, "commonStock": 3000000, "otherCurrentAssets": 322000000, "retainedEarnings": 807000000, "otherLiab": 1140000000, "goodWill": 11800000000, "treasuryStock": -4994000000, "otherAssets": 344000000, "cash": 891000000, "totalCurrentLiabilities": 3534000000, "deferredLongTermAssetCharges": 109000000, "shortLongTermDebt": 100000000, "otherStockholderEquity": -224000000, "propertyPlantEquipment": 434000000, "totalCurrentAssets": 3874000000, "longTermInvestments": 146000000, "netTangibleAssets": -11037000000, "shortTermInvestments": 47000000, "netReceivables": 2463000000, "longTermDebt": 10921000000, "accountsPayable": 437000000}}, "quarterly": {"2022-06-30": {"intangibleAssets": 4733000000, "capitalSurplus": 10787000000, "totalLiab": 19061000000, "totalStockholderEquity": 5352000000, "otherCurrentLiab": 2105000000, "totalAssets": 24413000000, "commonStock": 3000000, "otherCurrentAssets": 482000000, "retainedEarnings": 2824000000, "otherLiab": 1057000000, "goodWill": 13104000000, "treasuryStock": -8262000000, "otherAssets": 607000000, "cash": 1428000000, "totalCurrentLiabilities": 5104000000, "deferredLongTermAssetCharges": 120000000, "shortLongTermDebt": 152000000, "otherStockholderEquity": -697000000, "propertyPlantEquipment": 899000000, "totalCurrentAssets": 4911000000, "longTermInvestments": 159000000, "netTangibleAssets": -12485000000, "shortTermInvestments": 90000000, "netReceivables": 2723000000, "longTermDebt": 12615000000, "accountsPayable": 2847000000}, "2022-03-31": {"intangibleAssets": 4917000000, "capitalSurplus": 10742000000, "totalLiab": 19050000000, "totalStockholderEquity": 5919000000, "otherCurrentLiab": 2251000000, "totalAssets": 24969000000, "commonStock": 3000000, "otherCurrentAssets": 455000000, "retainedEarnings": 2568000000, "otherLiab": 1031000000, "goodWill": 13532000000, "treasuryStock": -7394000000, "otherAssets": 623000000, "cash": 1387000000, "totalCurrentLiabilities": 5157000000, "deferredLongTermAssetCharges": 120000000, "shortLongTermDebt": 90000000, "otherStockholderEquity": -419000000, "propertyPlantEquipment": 938000000, "totalCurrentAssets": 4772000000, "longTermInvestments": 187000000, "netTangibleAssets": -12530000000, "shortTermInvestments": 106000000, "netReceivables": 2662000000, "longTermDebt": 12552000000, "accountsPayable": 2816000000}, "2021-12-31": {"intangibleAssets": 4943000000, "capitalSurplus": 10774000000, "totalLiab": 18647000000, "totalStockholderEquity": 6042000000, "otherCurrentLiab": 2965000000, "totalAssets": 24689000000, "commonStock": 3000000, "otherCurrentAssets": 521000000, "retainedEarnings": 2243000000, "otherLiab": 858000000, "goodWill": 13301000000, "treasuryStock": -6978000000, "otherAssets": 611000000, "cash": 1366000000, "totalCurrentLiabilities": 5241000000, "deferredLongTermAssetCharges": 124000000, "shortLongTermDebt": 91000000, "otherStockholderEquity": -406000000, "propertyPlantEquipment": 903000000, "totalCurrentAssets": 4763000000, "longTermInvestments": 168000000, "netTangibleAssets": -12202000000, "shortTermInvestments": 111000000, "netReceivables": 2609000000, "longTermDebt": 12058000000, "accountsPayable": 621000000}, "2021-09-30": {"intangibleAssets": 4812000000, "capitalSurplus": 10744000000, "totalLiab": 18204000000, "totalStockholderEquity": 5829000000, "otherCurrentLiab": 2093000000, "totalAssets": 24033000000, "commonStock": 3000000, "otherCurrentAssets": 410000000, "retainedEarnings": 1925000000, "otherLiab": 915000000, "goodWill": 13124000000, "treasuryStock": -6843000000, "otherAssets": 516000000, "cash": 1470000000, "totalCurrentLiabilities": 4847000000, "deferredLongTermAssetCharges": 105000000, "shortLongTermDebt": 91000000, "otherStockholderEquity": -445000000, "propertyPlantEquipment": 889000000, "totalCurrentAssets": 4534000000, "longTermInvestments": 158000000, "netTangibleAssets": -12107000000, "shortTermInvestments": 104000000, "netReceivables": 2386000000, "longTermDebt": 12119000000, "accountsPayable": 2663000000}}}, "income": {"annual": {"2021-12-31": {"researchDevelopment": null, "effectOfAccountingCharges": null, "incomeBeforeTax": 1134000000, "minorityInterest": null, "netIncome": 966000000, "sellingGeneralAdministrative": 1931000000, "grossProfit": 4641000000, "ebit": 1446000000, "operatingIncome": 1446000000, "otherOperatingExpenses": null, "interestExpense": -375000000, "extraordinaryItems": null, "nonRecurring": null, "otherItems": null, "incomeTaxExpense": 163000000, "totalRevenue": 13874000000, "totalOperatingExpenses": 12428000000, "costOfRevenue": 9233000000, "totalOtherIncomeExpenseNet": -312000000, "discontinuedOperations": null, "netIncomeFromContinuingOps": 971000000, "netIncomeApplicableToCommonShares": 966000000}, "2020-12-31": {"researchDevelopment": null, "effectOfAccountingCharges": null, "incomeBeforeTax": 380000000, "minorityInterest": 279000000, "netIncome": 279000000, "sellingGeneralAdministrative": 1762000000, "grossProfit": 3859000000, "ebit": 810000000, "operatingIncome": 810000000, "otherOperatingExpenses": null, "interestExpense": -416000000, "extraordinaryItems": null, "nonRecurring": null, "otherItems": null, "incomeTaxExpense": 72000000, "totalRevenue": 11359000000, "totalOperatingExpenses": 10549000000, "costOfRevenue": 7500000000, "totalOtherIncomeExpenseNet": -430000000, "discontinuedOperations": null, "netIncomeFromContinuingOps": 308000000, "netIncomeApplicableToCommonShares": 279000000}, "2019-12-31": {"researchDevelopment": null, "effectOfAccountingCharges": null, "incomeBeforeTax": 343000000, "minorityInterest": 260000000, "netIncome": 191000000, "sellingGeneralAdministrative": 1711000000, "grossProfit": 3788000000, "ebit": 875000000, "operatingIncome": 875000000, "otherOperatingExpenses": null, "interestExpense": -447000000, "extraordinaryItems": null, "nonRecurring": null, "otherItems": null, "incomeTaxExpense": 116000000, "totalRevenue": 11088000000, "totalOperatingExpenses": 10213000000, "costOfRevenue": 7300000000, "totalOtherIncomeExpenseNet": -532000000, "discontinuedOperations": null, "netIncomeFromContinuingOps": 227000000, "netIncomeApplicableToCommonShares": 191000000}, "2018-12-31": {"researchDevelopment": null, "effectOfAccountingCharges": null, "incomeBeforeTax": 343000000, "minorityInterest": 240000000, "netIncome": 259000000, "sellingGeneralAdministrative": 1692000000, "grossProfit": 3666000000, "ebit": 833000000, "operatingIncome": 833000000, "otherOperatingExpenses": null, "interestExpense": -414000000, "extraordinaryItems": null, "nonRecurring": null, "otherItems": null, "incomeTaxExpense": 59000000, "totalRevenue": 10412000000, "totalOperatingExpenses": 9579000000, "costOfRevenue": 6746000000, "totalOtherIncomeExpenseNet": -490000000, "discontinuedOperations": null, "netIncomeFromContinuingOps": 284000000, "netIncomeApplicableToCommonShares": 259000000}}, "quarterly": {"2022-06-30": {"researchDevelopment": null, "effectOfAccountingCharges": null, "incomeBeforeTax": 327000000, "minorityInterest": null, "netIncome": 256000000, "sellingGeneralAdministrative": 483000000, "grossProfit": 1210000000, "ebit": 457000000, "operatingIncome": 457000000, "otherOperatingExpenses": null, "interestExpense": -94000000, "extraordinaryItems": null, "nonRecurring": null, "otherItems": null, "incomeTaxExpense": 71000000, "totalRevenue": 3541000000, "totalOperatingExpenses": 3084000000, "costOfRevenue": 2331000000, "totalOtherIncomeExpenseNet": -130000000, "discontinuedOperations": null, "netIncomeFromContinuingOps": 256000000, "netIncomeApplicableToCommonShares": 256000000}, "2022-03-31": {"researchDevelopment": null, "effectOfAccountingCharges": null, "incomeBeforeTax": 396000000, "minorityInterest": null, "netIncome": 325000000, "sellingGeneralAdministrative": 488000000, "grossProfit": 1245000000, "ebit": 502000000, "operatingIncome": 502000000, "otherOperatingExpenses": null, "interestExpense": -86000000, "extraordinaryItems": null, "nonRecurring": null, "otherItems": null, "incomeTaxExpense": 71000000, "totalRevenue": 3568000000, "totalOperatingExpenses": 3066000000, "costOfRevenue": 2323000000, "totalOtherIncomeExpenseNet": -106000000, "discontinuedOperations": null, "netIncomeFromContinuingOps": 325000000, "netIncomeApplicableToCommonShares": 325000000}, "2021-12-31": {"researchDevelopment": null, "effectOfAccountingCharges": null, "incomeBeforeTax": 377000000, "minorityInterest": null, "netIncome": 318000000, "sellingGeneralAdministrative": 509000000, "grossProfit": 1272000000, "ebit": 501000000, "operatingIncome": 501000000, "otherOperatingExpenses": null, "interestExpense": -90000000, "extraordinaryItems": null, "nonRecurring": null, "otherItems": null, "incomeTaxExpense": 59000000, "totalRevenue": 3636000000, "totalOperatingExpenses": 3135000000, "costOfRevenue": 2364000000, "totalOtherIncomeExpenseNet": -124000000, "discontinuedOperations": null, "netIncomeFromContinuingOps": 318000000, "netIncomeApplicableToCommonShares": 318000000}, "2021-09-30": {"researchDevelopment": null, "effectOfAccountingCharges": null, "incomeBeforeTax": 273000000, "minorityInterest": null, "netIncome": 261000000, "sellingGeneralAdministrative": 498000000, "grossProfit": 1138000000, "ebit": 304000000, "operatingIncome": 304000000, "otherOperatingExpenses": null, "interestExpense": -92000000, "extraordinaryItems": null, "nonRecurring": null, "otherItems": null, "incomeTaxExpense": 12000000, "totalRevenue": 3391000000, "totalOperatingExpenses": 3087000000, "costOfRevenue": 2253000000, "totalOtherIncomeExpenseNet": -31000000, "discontinuedOperations": null, "netIncomeFromContinuingOps": 261000000, "netIncomeApplicableToCommonShares": 261000000}}}, "cash": {"annual": {"2021-12-31": {"investments": -10000000, "changeToLiabilities": 835000000, "totalCashflowsFromInvestingActivities": -2103000000, "netBorrowings": 70000000, "totalCashFromFinancingActivities": -1235000000, "changeToOperatingActivities": -15000000, "netIncome": 966000000, "changeInCash": -448000000, "repurchaseOfStock": -406000000, "effectOfExchangeRate": -52000000, "totalCashFromOperatingActivities": 2942000000, "depreciation": 1053000000, "otherCashflowsFromInvestingActivities": 5000000, "changeToAccountReceivables": -138000000, "otherCashflowsFromFinancingActivities": -899000000, "changeToNetincome": 15000000, "capitalExpenditures": -640000000}, "2020-12-31": {"investments": -1000000, "changeToLiabilities": 433000000, "totalCashflowsFromInvestingActivities": -796000000, "netBorrowings": 342000000, "totalCashFromFinancingActivities": -217000000, "changeToOperatingActivities": -146000000, "netIncome": 279000000, "changeInCash": 977000000, "repurchaseOfStock": -447000000, "effectOfExchangeRate": 31000000, "totalCashFromOperatingActivities": 1959000000, "depreciation": 1020000000, "otherCashflowsFromInvestingActivities": -2000000, "changeToAccountReceivables": 255000000, "otherCashflowsFromFinancingActivities": -112000000, "changeToNetincome": -84000000, "capitalExpenditures": -616000000}, "2019-12-31": {"investments": -25000000, "changeToLiabilities": 238000000, "totalCashflowsFromInvestingActivities": -1190000000, "netBorrowings": 747000000, "totalCashFromFinancingActivities": -276000000, "changeToOperatingActivities": -92000000, "issuanceOfStock": 11000000, "netIncome": 191000000, "changeInCash": -54000000, "repurchaseOfStock": -949000000, "effectOfExchangeRate": -5000000, "totalCashFromOperatingActivities": 1417000000, "depreciation": 1006000000, "otherCashflowsFromInvestingActivities": 5000000, "changeToAccountReceivables": -122000000, "otherCashflowsFromFinancingActivities": -85000000, "changeToNetincome": -8000000, "capitalExpenditures": -582000000}, "2018-12-31": {"investments": -44000000, "changeToLiabilities": 375000000, "totalCashflowsFromInvestingActivities": -810000000, "netBorrowings": 1015000000, "totalCashFromFinancingActivities": -452000000, "changeToOperatingActivities": -66000000, "issuanceOfStock": 15000000, "netIncome": 259000000, "changeInCash": -68000000, "repurchaseOfStock": -1405000000, "effectOfExchangeRate": -60000000, "totalCashFromOperatingActivities": 1254000000, "depreciation": 962000000, "otherCashflowsFromInvestingActivities": 2000000, "changeToAccountReceivables": -297000000, "otherCashflowsFromFinancingActivities": -77000000, "changeToNetincome": -51000000, "capitalExpenditures": -459000000}}, "quarterly": {"2022-06-30": {"investments": -4000000, "changeToLiabilities": 0, "totalCashflowsFromInvestingActivities": -199000000, "netBorrowings": 477000000, "totalCashFromFinancingActivities": -29000000, "changeToOperatingActivities": -49000000, "netIncome": 256000000, "changeInCash": 41000000, "repurchaseOfStock": -490000000, "effectOfExchangeRate": -60000000, "totalCashFromOperatingActivities": 329000000, "depreciation": 270000000, "changeToAccountReceivables": -197000000, "otherCashflowsFromFinancingActivities": -16000000, "changeToNetincome": 46000000, "capitalExpenditures": -161000000}, "2022-03-31": {"investments": -9000000, "changeToLiabilities": 0, "totalCashflowsFromInvestingActivities": -613000000, "netBorrowings": 626000000, "totalCashFromFinancingActivities": 144000000, "changeToOperatingActivities": -165000000, "netIncome": 325000000, "changeInCash": 21000000, "repurchaseOfStock": -403000000, "effectOfExchangeRate": -18000000, "totalCashFromOperatingActivities": 508000000, "depreciation": 255000000, "otherCashflowsFromInvestingActivities": 3000000, "changeToAccountReceivables": 54000000, "otherCashflowsFromFinancingActivities": -79000000, "changeToNetincome": 35000000, "capitalExpenditures": -177000000}, "2021-12-31": {"investments": -3000000, "changeToLiabilities": 835000000, "totalCashflowsFromInvestingActivities": -647000000, "netBorrowings": 77000000, "totalCashFromFinancingActivities": -138000000, "changeToOperatingActivities": 98000000, "netIncome": 318000000, "changeInCash": -104000000, "repurchaseOfStock": -204000000, "effectOfExchangeRate": -11000000, "totalCashFromOperatingActivities": 692000000, "depreciation": 51000000, "otherCashflowsFromInvestingActivities": 4000000, "changeToAccountReceivables": -801000000, "otherCashflowsFromFinancingActivities": -11000000, "changeToNetincome": -21000000, "capitalExpenditures": -184000000}, "2021-09-30": {"investments": -5000000, "changeToLiabilities": 0, "totalCashflowsFromInvestingActivities": -1095000000, "netBorrowings": 36000000, "totalCashFromFinancingActivities": -66000000, "changeToOperatingActivities": 53000000, "netIncome": 261000000, "changeInCash": -337000000, "repurchaseOfStock": -95000000, "effectOfExchangeRate": -20000000, "totalCashFromOperatingActivities": 844000000, "depreciation": 336000000, "otherCashflowsFromInvestingActivities": 1000000, "changeToAccountReceivables": 182000000, "otherCashflowsFromFinancingActivities": -7000000, "changeToNetincome": 8000000, "capitalExpenditures": -162000000}}}}, "IT": {"balance": {"annual": {"2021-12-31": {"intangibleAssets": 714418000, "capitalSurplus": 2074896000, "totalLiab": 7045266000, "totalStockholderEquity": 371058000, "otherCurrentLiab": 2256843000, "totalAssets": 7416324000, "commonStock": 82000, "otherCurrentAssets": 384678000, "retainedEarnings": 3049027000, "otherLiab": 479945000, "goodWill": 2951317000, "treasuryStock": -4752947000, "otherAssets": 308689000, "cash": 756493000, "totalCurrentLiabilities": 3378780000, "deferredLongTermAssetCharges": 140004000, "shortLongTermDebt": 27726000, "otherStockholderEquity": -81431000, "propertyPlantEquipment": 821820000, "totalCurrentAssets": 2620080000, "netTangibleAssets": -3294677000, "netReceivables": 1385234000, "longTermDebt": 2488775000, "accountsPayable": 49277000}, "2020-12-31": {"intangibleAssets": 806998000, "capitalSurplus": 1968930000, "totalLiab": 6225539000, "totalStockholderEquity": 1090428000, "otherCurrentLiab": 2005612000, "totalAssets": 7315967000, "commonStock": 82000, "otherCurrentAssets": 259755000, "retainedEarnings": 2255467000, "otherLiab": 465304000, "goodWill": 2945547000, "treasuryStock": -3134051000, "otherAssets": 256316000, "cash": 712583000, "totalCurrentLiabilities": 2947494000, "deferredLongTermAssetCharges": 103559000, "shortLongTermDebt": 55401000, "otherStockholderEquity": -99228000, "propertyPlantEquipment": 984048000, "totalCurrentAssets": 2323058000, "netTangibleAssets": -2662117000, "netReceivables": 1255948000, "longTermDebt": 2032575000, "accountsPayable": 38588000}, "2019-12-31": {"intangibleAssets": 925087000, "capitalSurplus": 1899273000, "totalLiab": 6212701000, "totalStockholderEquity": 938593000, "otherCurrentLiab": 1935898000, "totalAssets": 7151294000, "commonStock": 82000, "otherCurrentAssets": 265926000, "retainedEarnings": 1988722000, "otherLiab": 414915000, "goodWill": 2937726000, "treasuryStock": -2949484000, "otherAssets": 222245000, "cash": 280836000, "totalCurrentLiabilities": 2856534000, "deferredLongTermAssetCharges": 79618000, "shortLongTermDebt": 139718000, "otherStockholderEquity": -77938000, "propertyPlantEquipment": 1047495000, "totalCurrentAssets": 2018741000, "netTangibleAssets": -2924220000, "netReceivables": 1347362000, "longTermDebt": 2108719000, "accountsPayable": 32995000}, "2018-12-31": {"intangibleAssets": 1042565000, "capitalSurplus": 1823710000, "totalLiab": 5350717000, "totalStockholderEquity": 850757000, "otherCurrentLiab": 1764969000, "totalAssets": 6201474000, "commonStock": 82000, "otherCurrentAssets": 237311000, "retainedEarnings": 1755432000, "otherLiab": 602992000, "goodWill": 2923136000, "treasuryStock": -2728467000, "otherAssets": 156369000, "cash": 156368000, "totalCurrentLiabilities": 2620935000, "deferredLongTermAssetCharges": 34494000, "shortLongTermDebt": 165578000, "otherStockholderEquity": -39867000, "propertyPlantEquipment": 267665000, "totalCurrentAssets": 1811739000, "netTangibleAssets": -3114944000, "netReceivables": 1281237000, "longTermDebt": 2126790000, "accountsPayable": 37508000}}, "quarterly": {"2022-06-30": {"intangibleAssets": 645368000, "capitalSurplus": 2136684000, "totalLiab": 6733461000, "totalStockholderEquity": -142867000, "otherCurrentLiab": 2396415000, "totalAssets": 6590594000, "commonStock": 82000, "otherCurrentAssets": 316157000, "retainedEarnings": 3426467000, "otherLiab": 451212000, "goodWill": 2943257000, "treasuryStock": -5706100000, "otherAssets": 288821000, "cash": 360473000, "totalCurrentLiabilities": 3178382000, "shortLongTermDebt": 6868000, "otherStockholderEquity": -104516000, "propertyPlantEquipment": 731866000, "totalCurrentAssets": 1981282000, "netTangibleAssets": -3731492000, "netReceivables": 1198662000, "longTermDebt": 2457190000, "accountsPayable": 683682000}, "2022-03-31": {"netReceivables": 1348218000, "otherCurrentAssets": 364202000, "accountsPayable": 741454000, "longTermDebt": 2471451000, "otherLiab": 457817000}, "2021-12-31": {"intangibleAssets": 714418000, "capitalSurplus": 2074896000, "totalLiab": 7045266000, "totalStockholderEquity": 371058000, "otherCurrentLiab": 2256843000, "totalAssets": 7416324000, "commonStock": 82000, "otherCurrentAssets": 384678000, "retainedEarnings": 3049027000, "otherLiab": 479945000, "goodWill": 2951317000, "treasuryStock": -4752947000, "otherAssets": 308689000, "cash": 756493000, "totalCurrentLiabilities": 3378780000, "deferredLongTermAssetCharges": 140004000, "shortLongTermDebt": 27726000, "otherStockholderEquity": -81431000, "propertyPlantEquipment": 821820000, "totalCurrentAssets": 2620080000, "netTangibleAssets": -3294677000, "netReceivables": 1385234000, "longTermDebt": 2488775000, "accountsPayable": 49277000}, "2021-09-30": {"intangibleAssets": 743950000, "capitalSurplus": 2054563000, "totalLiab": 6660132000, "totalStockholderEquity": 334507000, "otherCurrentLiab": 2029052000, "totalAssets": 6994639000, "commonStock": 82000, "otherCurrentAssets": 254609000, "retainedEarnings": 2839668000, "otherLiab": 514951000, "goodWill": 2952927000, "treasuryStock": -4559806000, "otherAssets": 275577000, "cash": 765530000, "totalCurrentLiabilities": 2904544000, "shortLongTermDebt": 33149000, "otherStockholderEquity": -83837000, "propertyPlantEquipment": 913337000, "totalCurrentAssets": 2108848000, "netTangibleAssets": -3362370000, "netReceivables": 994284000, "longTermDebt": 2500549000, "accountsPayable": 755689000}}}, "income": {"annual": {"2021-12-31": {"researchDevelopment": null, "effectOfAccountingCharges": null, "incomeBeforeTax": 969870000, "minorityInterest": null, "netIncome": 793560000, "sellingGeneralAdministrative": 2107238000, "grossProfit": 3289869000, "ebit": 970226000, "operatingIncome": 970226000, "otherOperatingExpenses": null, "interestExpense": -98313000, "extraordinaryItems": null, "nonRecurring": null, "otherItems": null, "incomeTaxExpense": 176310000, "totalRevenue": 4733962000, "totalOperatingExpenses": 3763736000, "costOfRevenue": 1444093000, "totalOtherIncomeExpenseNet": -356000, "discontinuedOperations": null, "netIncomeFromContinuingOps": 793560000, "netIncomeApplicableToCommonShares": 793560000}, "2020-12-31": {"researchDevelopment": null, "effectOfAccountingCharges": null, "incomeBeforeTax": 326133000, "minorityInterest": null, "netIncome": 266745000, "sellingGeneralAdministrative": 2039662000, "grossProfit": 2754379000, "ebit": 495733000, "operatingIncome": 495733000, "otherOperatingExpenses": null, "interestExpense": -113436000, "extraordinaryItems": null, "nonRecurring": null, "otherItems": null, "incomeTaxExpense": 59388000, "totalRevenue": 4099403000, "totalOperatingExpenses": 3603670000, "costOfRevenue": 1345024000, "totalOtherIncomeExpenseNet": -169600000, "discontinuedOperations": null, "netIncomeFromContinuingOps": 266745000, "netIncomeApplicableToCommonShares": 266745000}, "2019-12-31": {"researchDevelopment": null, "effectOfAccountingCharges": null, "incomeBeforeTax": 275739000, "minorityInterest": null, "netIncome": 233290000, "sellingGeneralAdministrative": 2103995000, "grossProfit": 2694753000, "ebit": 378979000, "operatingIncome": 378979000, "otherOperatingExpenses": null, "interestExpense": -102831000, "extraordinaryItems": null, "nonRecurring": null, "otherItems": null, "incomeTaxExpense": 42449000, "totalRevenue": 4245321000, "totalOperatingExpenses": 3866342000, "costOfRevenue": 1550568000, "totalOtherIncomeExpenseNet": -103240000, "discontinuedOperations": null, "netIncomeFromContinuingOps": 233290000, "netIncomeApplicableToCommonShares": 233290000}, "2018-12-31": {"researchDevelopment": null, "effectOfAccountingCharges": null, "incomeBeforeTax": 181121000, "minorityInterest": null, "netIncome": 122456000, "sellingGeneralAdministrative": 1884846000, "grossProfit": 2506654000, "ebit": 366207000, "operatingIncome": 366207000, "otherOperatingExpenses": null, "interestExpense": -126774000, "extraordinaryItems": null, "nonRecurring": null, "otherItems": null, "incomeTaxExpense": 58665000, "totalRevenue": 3975454000, "totalOperatingExpenses": 3609247000, "costOfRevenue": 1468800000, "totalOtherIncomeExpenseNet": -185086000, "discontinuedOperations": null, "netIncomeFromContinuingOps": 122456000, "netIncomeApplicableToCommonShares": 122456000}}, "quarterly": {"2022-06-30": {"researchDevelopment": null, "effectOfAccountingCharges": null, "incomeBeforeTax": 275951000, "minorityInterest": null, "netIncome": 204925000, "sellingGeneralAdministrative": 593311000, "grossProfit": 951986000, "ebit": 311011000, "operatingIncome": 311011000, "otherOperatingExpenses": null, "interestExpense": -19019000, "extraordinaryItems": null, "nonRecurring": null, "otherItems": null, "incomeTaxExpense": 71026000, "totalRevenue": 1376521000, "totalOperatingExpenses": 1065510000, "costOfRevenue": 424535000, "totalOtherIncomeExpenseNet": -35060000, "discontinuedOperations": null, "netIncomeFromContinuingOps": 204925000, "netIncomeApplicableToCommonShares": 204925000}, "2022-03-31": {"researchDevelopment": null, "effectOfAccountingCharges": null, "incomeBeforeTax": 275951000, "minorityInterest": null, "netIncome": 0, "sellingGeneralAdministrative": 594026000, "grossProfit": 0, "ebit": 243332000, "operatingIncome": 243332000, "otherOperatingExpenses": null, "interestExpense": -1494000, "extraordinaryItems": null, "nonRecurring": null, "otherItems": null, "incomeTaxExpense": 0, "totalRevenue": 0, "totalOperatingExpenses": 1019408000, "costOfRevenue": 0, "totalOtherIncomeExpenseNet": -28273000, "discontinuedOperations": null, "netIncomeFromContinuingOps": 204925000, "netIncomeApplicableToCommonShares": 204925000}, "2021-12-31": {"researchDevelopment": null, "effectOfAccountingCharges": null, "incomeBeforeTax": 177097000, "minorityInterest": null, "netIncome": 209359000, "sellingGeneralAdministrative": 618914000, "grossProfit": 906736000, "ebit": 236166000, "operatingIncome": 236166000, "otherOperatingExpenses": null, "interestExpense": -25275000, "extraordinaryItems": null, "nonRecurring": null, "otherItems": null, "incomeTaxExpense": -32262000, "totalRevenue": 1306323000, "totalOperatingExpenses": 1070157000, "costOfRevenue": 399587000, "totalOtherIncomeExpenseNet": -59069000, "discontinuedOperations": null, "netIncomeFromContinuingOps": 209359000, "netIncomeApplicableToCommonShares": 209359000}, "2021-09-30": {"researchDevelopment": null, "effectOfAccountingCharges": null, "incomeBeforeTax": 198833000, "minorityInterest": null, "netIncome": 148865000, "sellingGeneralAdministrative": 512573000, "grossProfit": 797045000, "ebit": 231992000, "operatingIncome": 231992000, "otherOperatingExpenses": null, "interestExpense": -31199000, "extraordinaryItems": null, "nonRecurring": null, "otherItems": null, "incomeTaxExpense": 49968000, "totalRevenue": 1156282000, "totalOperatingExpenses": 924290000, "costOfRevenue": 359237000, "totalOtherIncomeExpenseNet": -33159000, "discontinuedOperations": null, "netIncomeFromContinuingOps": 148865000, "netIncomeApplicableToCommonShares": 148865000}}}, "cash": {"annual": {"2021-12-31": {"changeToLiabilities": 445302000, "totalCashflowsFromInvestingActivities": -80467000, "netBorrowings": 487085000, "totalCashFromFinancingActivities": -1157609000, "changeToOperatingActivities": -159074000, "issuanceOfStock": 18173000, "netIncome": 793560000, "changeInCash": 48019000, "repurchaseOfStock": -1655547000, "effectOfExchangeRate": -26375000, "totalCashFromOperatingActivities": 1312470000, "depreciation": 252930000, "otherCashflowsFromInvestingActivities": 2306000, "changeToAccountReceivables": -145346000, "otherCashflowsFromFinancingActivities": -7320000, "changeToNetincome": 86336000, "capitalExpenditures": -59834000}, "2020-12-31": {"changeToLiabilities": 127937000, "totalCashflowsFromInvestingActivities": -83888000, "netBorrowings": -201469000, "totalCashFromFinancingActivities": -416224000, "changeToOperatingActivities": 37601000, "issuanceOfStock": 18085000, "netIncome": 266745000, "changeInCash": 431747000, "repurchaseOfStock": -176302000, "effectOfExchangeRate": 28581000, "totalCashFromOperatingActivities": 903278000, "depreciation": 271935000, "otherCashflowsFromInvestingActivities": 2306000, "changeToAccountReceivables": 99409000, "otherCashflowsFromFinancingActivities": -56538000, "changeToNetincome": 62327000, "capitalExpenditures": -83888000}, "2019-12-31": {"investments": 14120000, "changeToLiabilities": 126590000, "totalCashflowsFromInvestingActivities": -160885000, "netBorrowings": -104579000, "totalCashFromFinancingActivities": -285992000, "changeToOperatingActivities": -38633000, "issuanceOfStock": 17629000, "netIncome": 233290000, "changeInCash": 122173000, "repurchaseOfStock": -199042000, "effectOfExchangeRate": 3614000, "totalCashFromOperatingActivities": 565436000, "depreciation": 278245000, "otherCashflowsFromInvestingActivities": 2306000, "changeToAccountReceivables": -66729000, "otherCashflowsFromFinancingActivities": -56538000, "changeToNetincome": 6176000, "capitalExpenditures": -149016000}, "2018-12-31": {"investments": 14120000, "changeToLiabilities": 242382000, "totalCashflowsFromInvestingActivities": 384051000, "netBorrowings": -1010972000, "totalCashFromFinancingActivities": -1257115000, "changeToOperatingActivities": -70342000, "issuanceOfStock": 14689000, "netIncome": 122456000, "changeInCash": -408395000, "repurchaseOfStock": -260832000, "effectOfExchangeRate": -6489000, "totalCashFromOperatingActivities": 471158000, "depreciation": 242401000, "otherCashflowsFromInvestingActivities": 2306000, "changeToAccountReceivables": -115003000, "otherCashflowsFromFinancingActivities": -56538000, "changeToNetincome": 22249000, "capitalExpenditures": -126873000}}, "quarterly": {"2022-06-30": {"changeToLiabilities": -67113000, "totalCashflowsFromInvestingActivities": -21092000, "netBorrowings": -1332000, "totalCashFromFinancingActivities": -475096000, "changeToOperatingActivities": 46994000, "issuanceOfStock": 5046000, "netIncome": 204925000, "changeInCash": -95702000, "repurchaseOfStock": -478810000, "effectOfExchangeRate": -15121000, "totalCashFromOperatingActivities": 415607000, "depreciation": 65079000, "changeToAccountReceivables": 128398000, "changeToNetincome": 36184000, "capitalExpenditures": -21092000}, "2022-03-31": {"changeToLiabilities": 0, "totalCashflowsFromInvestingActivities": -21092000, "netBorrowings": -1332000, "totalCashFromFinancingActivities": -475096000, "changeToOperatingActivities": 46994000, "issuanceOfStock": 5046000, "netIncome": 0, "changeInCash": -95702000, "repurchaseOfStock": -478810000, "effectOfExchangeRate": -15121000, "totalCashFromOperatingActivities": 415607000, "depreciation": 65079000, "changeToAccountReceivables": 128398000, "changeToNetincome": 36184000, "capitalExpenditures": -21092000}, "2021-12-31": {"changeToLiabilities": 463695000, "totalCashflowsFromInvestingActivities": -18767000, "netBorrowings": -1330000, "totalCashFromFinancingActivities": -213423000, "changeToOperatingActivities": -123460000, "issuanceOfStock": 4646000, "netIncome": 209359000, "changeInCash": -9128000, "repurchaseOfStock": -216739000, "effectOfExchangeRate": -11724000, "totalCashFromOperatingActivities": 234786000, "depreciation": 36019000, "otherCashflowsFromInvestingActivities": 2306000, "changeToAccountReceivables": -402887000, "changeToNetincome": 16334000, "capitalExpenditures": -21164000}, "2021-09-30": {"changeToLiabilities": 3114000, "totalCashflowsFromInvestingActivities": -14447000, "netBorrowings": -1329000, "totalCashFromFinancingActivities": -353949000, "changeToOperatingActivities": -21517000, "issuanceOfStock": 4113000, "netIncome": 148865000, "changeInCash": -30727000, "repurchaseOfStock": -355458000, "effectOfExchangeRate": -7370000, "totalCashFromOperatingActivities": 345039000, "depreciation": 71381000, "otherCashflowsFromInvestingActivities": 2306000, "changeToAccountReceivables": 124891000, "otherCashflowsFromFinancingActivities": -1275000, "changeToNetincome": 17183000, "capitalExpenditures": -14191000}}}}, "INCY": {"balance": {"annual": {"2021-12-31": {"intangibleAssets": 150755000, "capitalSurplus": 4567111000, "totalLiab": 1163348000, "totalStockholderEquity": 3770004000, "otherCurrentLiab": 109858000, "totalAssets": 4933352000, "commonStock": 221000, "retainedEarnings": -777874000, "otherLiab": 261800000, "goodWill": 155593000, "treasuryStock": -19454000, "otherAssets": 535596000, "cash": 2057440000, "totalCurrentLiabilities": 854308000, "deferredLongTermAssetCharges": 467538000, "otherStockholderEquity": -19454000, "propertyPlantEquipment": 751468000, "totalCurrentAssets": 3118674000, "longTermInvestments": 221266000, "netTangibleAssets": 3463656000, "shortTermInvestments": 290752000, "netReceivables": 616300000, "inventory": 27904000, "accountsPayable": 172110000}, "2020-12-31": {"intangibleAssets": 172291000, "capitalSurplus": 4352864000, "totalLiab": 949650000, "totalStockholderEquity": 2611268000, "otherCurrentLiab": 96319000, "totalAssets": 3560918000, "commonStock": 219000, "retainedEarnings": -1726455000, "otherLiab": 271694000, "goodWill": 155593000, "treasuryStock": -15360000, "otherAssets": 62763000, "cash": 1513008000, "totalCurrentLiabilities": 631195000, "deferredLongTermAssetCharges": 2054000, "otherStockholderEquity": -15360000, "propertyPlantEquipment": 588076000, "totalCurrentAssets": 2359894000, "longTermInvestments": 222301000, "netTangibleAssets": 2283384000, "shortTermInvestments": 288369000, "netReceivables": 481994000, "inventory": 16425000, "accountsPayable": 98767000}, "2019-12-31": {"intangibleAssets": 193828000, "capitalSurplus": 4044490000, "totalLiab": 828344000, "totalStockholderEquity": 2598406000, "otherCurrentLiab": 88825000, "totalAssets": 3426750000, "commonStock": 216000, "retainedEarnings": -1430758000, "otherLiab": 271232000, "goodWill": 155593000, "treasuryStock": -15542000, "otherAssets": 55559000, "cash": 1832684000, "totalCurrentLiabilities": 513340000, "deferredLongTermAssetCharges": 1647000, "shortLongTermDebt": 18300000, "otherStockholderEquity": -15542000, "propertyPlantEquipment": 406625000, "totalCurrentAssets": 2481488000, "longTermInvestments": 133657000, "netTangibleAssets": 2248985000, "shortTermInvestments": 284870000, "netReceivables": 308809000, "inventory": 11400000, "accountsPayable": 83647000}, "2018-12-31": {"intangibleAssets": 215364000, "capitalSurplus": 3813678000, "totalLiab": 719795000, "totalStockholderEquity": 1925967000, "otherCurrentLiab": 74085000, "totalAssets": 2645762000, "commonStock": 213000, "retainedEarnings": -1877759000, "otherLiab": 277084000, "goodWill": 155593000, "treasuryStock": -10165000, "otherAssets": 23601000, "cash": 1163980000, "totalCurrentLiabilities": 425277000, "deferredLongTermAssetCharges": 1270000, "otherStockholderEquity": -10165000, "propertyPlantEquipment": 319751000, "totalCurrentAssets": 1832254000, "longTermInvestments": 99199000, "netTangibleAssets": 1555010000, "shortTermInvestments": 274343000, "netReceivables": 307598000, "longTermDebt": 17434000, "inventory": 6967000, "accountsPayable": 103827000}}, "quarterly": {"2022-06-30": {"intangibleAssets": 139987000, "capitalSurplus": 4688985000, "totalLiab": 1233974000, "totalStockholderEquity": 4085061000, "otherCurrentLiab": 103263000, "totalAssets": 5319035000, "commonStock": 222000, "retainedEarnings": -578450000, "otherLiab": 276143000, "goodWill": 155593000, "treasuryStock": -25696000, "otherAssets": 499149000, "cash": 2435381000, "totalCurrentLiabilities": 926674000, "deferredLongTermAssetCharges": 434867000, "otherStockholderEquity": -25696000, "propertyPlantEquipment": 748677000, "totalCurrentAssets": 3625845000, "longTermInvestments": 149784000, "netTangibleAssets": 3789481000, "shortTermInvestments": 287044000, "netReceivables": 682968000, "inventory": 54502000, "accountsPayable": 194770000}, "2022-03-31": {"capitalSurplus": 4625780000, "otherCurrentLiab": 127930000, "commonStock": 221000, "retainedEarnings": -739882000, "otherLiab": 273601000, "treasuryStock": -23047000, "otherAssets": 533876000, "cash": 2256759000, "totalCurrentLiabilities": 886163000, "otherStockholderEquity": -23047000, "totalCurrentAssets": 3288091000, "shortTermInvestments": 287401000, "inventory": 35457000, "accountsPayable": 152547000}, "2021-12-31": {"intangibleAssets": 150755000, "capitalSurplus": 4567111000, "totalLiab": 1163348000, "totalStockholderEquity": 3770004000, "otherCurrentLiab": 109858000, "totalAssets": 4933352000, "commonStock": 221000, "retainedEarnings": -777874000, "otherLiab": 261800000, "goodWill": 155593000, "treasuryStock": -19454000, "otherAssets": 535596000, "cash": 2057440000, "totalCurrentLiabilities": 854308000, "deferredLongTermAssetCharges": 467538000, "otherStockholderEquity": -19454000, "propertyPlantEquipment": 751468000, "totalCurrentAssets": 3118674000, "longTermInvestments": 221266000, "netTangibleAssets": 3463656000, "shortTermInvestments": 290752000, "netReceivables": 616300000, "inventory": 27904000, "accountsPayable": 172110000}, "2021-09-30": {"intangibleAssets": 156139000, "capitalSurplus": 4508807000, "totalLiab": 1050174000, "totalStockholderEquity": 3148657000, "otherCurrentLiab": 136764000, "totalAssets": 4198831000, "commonStock": 221000, "retainedEarnings": -1341725000, "otherLiab": 261135000, "goodWill": 155593000, "treasuryStock": -18646000, "otherAssets": 57355000, "cash": 1999021000, "totalCurrentLiabilities": 742712000, "otherStockholderEquity": -18646000, "propertyPlantEquipment": 713851000, "totalCurrentAssets": 2923797000, "longTermInvestments": 192096000, "netTangibleAssets": 2836925000, "shortTermInvestments": 285054000, "netReceivables": 516689000, "inventory": 21303000, "accountsPayable": 114509000}}}, "income": {"annual": {"2021-12-31": {"researchDevelopment": null, "effectOfAccountingCharges": null, "incomeBeforeTax": 570444000, "minorityInterest": null, "netIncome": 948581000, "sellingGeneralAdministrative": 740963000, "grossProfit": 1340078000, "ebit": 599115000, "operatingIncome": 599115000, "otherOperatingExpenses": null, "interestExpense": -1908000, "extraordinaryItems": null, "nonRecurring": null, "otherItems": null, "incomeTaxExpense": -378137000, "totalRevenue": 2986267000, "totalOperatingExpenses": 2387152000, "costOfRevenue": 1646189000, "totalOtherIncomeExpenseNet": -28671000, "discontinuedOperations": null, "netIncomeFromContinuingOps": 948581000, "netIncomeApplicableToCommonShares": 948581000}, "2020-12-31": {"researchDevelopment": null, "effectOfAccountingCharges": null, "incomeBeforeTax": -232218000, "minorityInterest": null, "netIncome": -295697000, "sellingGeneralAdministrative": 517872000, "grossProfit": 276631000, "ebit": -241241000, "operatingIncome": -241241000, "otherOperatingExpenses": null, "interestExpense": -2174000, "extraordinaryItems": null, "nonRecurring": null, "otherItems": null, "incomeTaxExpense": 63479000, "totalRevenue": 2666702000, "totalOperatingExpenses": 2907943000, "costOfRevenue": 2390071000, "totalOtherIncomeExpenseNet": 9023000, "discontinuedOperations": null, "netIncomeFromContinuingOps": -295697000, "netIncomeApplicableToCommonShares": -295697000}, "2019-12-31": {"researchDevelopment": null, "effectOfAccountingCharges": null, "incomeBeforeTax": 486791000, "minorityInterest": null, "netIncome": 446906000, "sellingGeneralAdministrative": 469276000, "grossProfit": 890399000, "ebit": 421123000, "operatingIncome": 421123000, "otherOperatingExpenses": null, "interestExpense": -1855000, "extraordinaryItems": null, "nonRecurring": null, "otherItems": null, "incomeTaxExpense": 39885000, "totalRevenue": 2158759000, "totalOperatingExpenses": 1737636000, "costOfRevenue": 1268360000, "totalOtherIncomeExpenseNet": 65668000, "discontinuedOperations": null, "netIncomeFromContinuingOps": 446906000, "netIncomeApplicableToCommonShares": 446906000}, "2018-12-31": {"researchDevelopment": null, "effectOfAccountingCharges": null, "incomeBeforeTax": 115347000, "minorityInterest": null, "netIncome": 109493000, "sellingGeneralAdministrative": 434934000, "grossProfit": 589803000, "ebit": 154869000, "operatingIncome": 154869000, "otherOperatingExpenses": null, "interestExpense": -1543000, "extraordinaryItems": null, "nonRecurring": null, "otherItems": null, "incomeTaxExpense": 5854000, "totalRevenue": 1881883000, "totalOperatingExpenses": 1727014000, "costOfRevenue": 1292080000, "totalOtherIncomeExpenseNet": -39522000, "discontinuedOperations": null, "netIncomeFromContinuingOps": 109493000, "netIncomeApplicableToCommonShares": 109493000}}, "quarterly": {"2022-06-30": {"researchDevelopment": 347196000, "effectOfAccountingCharges": null, "incomeBeforeTax": 229378000, "minorityInterest": null, "netIncome": 161432000, "sellingGeneralAdministrative": 252586000, "grossProfit": 858217000, "ebit": 258435000, "operatingIncome": 258435000, "otherOperatingExpenses": null, "interestExpense": -678000, "extraordinaryItems": null, "nonRecurring": null, "otherItems": null, "incomeTaxExpense": 67946000, "totalRevenue": 911397000, "totalOperatingExpenses": 652962000, "costOfRevenue": 53180000, "totalOtherIncomeExpenseNet": -29057000, "discontinuedOperations": null, "netIncomeFromContinuingOps": 161432000, "netIncomeApplicableToCommonShares": 161432000}, "2022-03-31": {"researchDevelopment": 347196000, "effectOfAccountingCharges": null, "incomeBeforeTax": 229378000, "minorityInterest": null, "netIncome": 0, "sellingGeneralAdministrative": 208859000, "grossProfit": 332506000, "ebit": 123647000, "operatingIncome": 123647000, "otherOperatingExpenses": null, "interestExpense": -678000, "extraordinaryItems": null, "nonRecurring": null, "otherItems": null, "incomeTaxExpense": 0, "totalRevenue": 0, "totalOperatingExpenses": 609588000, "costOfRevenue": 400729000, "totalOtherIncomeExpenseNet": 535000, "discontinuedOperations": null, "netIncomeFromContinuingOps": 161432000, "netIncomeApplicableToCommonShares": 161432000}, "2021-12-31": {"researchDevelopment": 347196000, "effectOfAccountingCharges": null, "incomeBeforeTax": 120020000, "minorityInterest": null, "netIncome": 563851000, "sellingGeneralAdministrative": 226556000, "grossProfit": 338609000, "ebit": 112053000, "operatingIncome": 112053000, "otherOperatingExpenses": null, "interestExpense": -752000, "extraordinaryItems": null, "nonRecurring": null, "otherItems": null, "incomeTaxExpense": -443831000, "totalRevenue": 862853000, "totalOperatingExpenses": 750800000, "costOfRevenue": 524244000, "totalOtherIncomeExpenseNet": 7967000, "discontinuedOperations": null, "netIncomeFromContinuingOps": 563851000, "netIncomeApplicableToCommonShares": 563851000}, "2021-09-30": {"researchDevelopment": 347196000, "effectOfAccountingCharges": null, "incomeBeforeTax": 209469000, "minorityInterest": null, "netIncome": 181739000, "sellingGeneralAdministrative": 191054000, "grossProfit": 429024000, "ebit": 237970000, "operatingIncome": 237970000, "otherOperatingExpenses": null, "interestExpense": -439000, "extraordinaryItems": null, "nonRecurring": null, "otherItems": null, "incomeTaxExpense": 27730000, "totalRevenue": 812987000, "totalOperatingExpenses": 575017000, "costOfRevenue": 383963000, "totalOtherIncomeExpenseNet": -28501000, "discontinuedOperations": null, "netIncomeFromContinuingOps": 181739000, "netIncomeApplicableToCommonShares": 181739000}}}, "cash": {"annual": {"2021-12-31": {"investments": -26693000, "changeToLiabilities": 73343000, "totalCashflowsFromInvestingActivities": -207699000, "netBorrowings": -2417000, "totalCashFromFinancingActivities": 6176000, "changeToOperatingActivities": 67359000, "issuanceOfStock": 58626000, "netIncome": 948581000, "changeInCash": 544395000, "repurchaseOfStock": -29940000, "effectOfExchangeRate": -3570000, "totalCashFromOperatingActivities": 749488000, "depreciation": 60544000, "changeToInventory": -20965000, "changeToAccountReceivables": -134306000, "otherCashflowsFromFinancingActivities": -20093000, "changeToNetincome": -245068000, "capitalExpenditures": -181006000}, "2020-12-31": {"investments": -81622000, "changeToLiabilities": 15120000, "totalCashflowsFromInvestingActivities": -269001000, "netBorrowings": -836000, "totalCashFromFinancingActivities": 71709000, "changeToOperatingActivities": 105792000, "issuanceOfStock": 133064000, "netIncome": -295697000, "changeInCash": -318942000, "repurchaseOfStock": -22759000, "effectOfExchangeRate": 2949000, "totalCashFromOperatingActivities": -124599000, "depreciation": 53707000, "changeToInventory": -19468000, "changeToAccountReceivables": -173185000, "otherCashflowsFromFinancingActivities": -37760000, "changeToNetincome": 188432000, "capitalExpenditures": -187379000}, "2019-12-31": {"investments": -9390000, "changeToLiabilities": -20180000, "totalCashflowsFromInvestingActivities": -87454000, "netBorrowings": -822000, "totalCashFromFinancingActivities": 45711000, "changeToOperatingActivities": 84786000, "issuanceOfStock": 80050000, "netIncome": 446906000, "changeInCash": 668721000, "repurchaseOfStock": -16751000, "effectOfExchangeRate": -192000, "totalCashFromOperatingActivities": 710656000, "depreciation": 54533000, "changeToInventory": -6100000, "changeToAccountReceivables": -1211000, "otherCashflowsFromFinancingActivities": -16766000, "changeToNetincome": 151922000, "capitalExpenditures": -78064000}, "2018-12-31": {"investments": -12940000, "changeToLiabilities": 36156000, "totalCashflowsFromInvestingActivities": -86423000, "netBorrowings": -822000, "totalCashFromFinancingActivities": 14657000, "changeToOperatingActivities": -45439000, "issuanceOfStock": 29942000, "netIncome": 109493000, "changeInCash": 264552000, "repurchaseOfStock": -16751000, "effectOfExchangeRate": 91000, "totalCashFromOperatingActivities": 336227000, "depreciation": 54969000, "changeToInventory": 4043000, "changeToAccountReceivables": -41299000, "otherCashflowsFromFinancingActivities": -15285000, "changeToNetincome": 218304000, "capitalExpenditures": -73483000}}, "quarterly": {"2022-06-30": {"investments": -737000, "changeToLiabilities": 42223000, "totalCashflowsFromInvestingActivities": -12480000, "netBorrowings": -700000, "totalCashFromFinancingActivities": 15901000, "changeToOperatingActivities": -13545000, "issuanceOfStock": 21294000, "netIncome": 161432000, "changeInCash": 178566000, "repurchaseOfStock": -4693000, "effectOfExchangeRate": 988000, "totalCashFromOperatingActivities": 174157000, "depreciation": 16107000, "changeToInventory": -23287000, "changeToAccountReceivables": -120624000, "changeToNetincome": 111451000, "capitalExpenditures": -11743000}, "2022-03-31": {"investments": 258000, "changeToLiabilities": -19563000, "totalCashflowsFromInvestingActivities": -16748000, "netBorrowings": -668000, "totalCashFromFinancingActivities": 96000, "changeToOperatingActivities": 39816000, "issuanceOfStock": 16398000, "netIncome": 0, "changeInCash": 199299000, "repurchaseOfStock": -2161000, "effectOfExchangeRate": 210000, "totalCashFromOperatingActivities": 215741000, "depreciation": 16438000, "changeToInventory": -13903000, "changeToAccountReceivables": 53956000, "otherCashflowsFromFinancingActivities": -13473000, "changeToNetincome": 101005000, "capitalExpenditures": -17006000}, "2021-12-31": {"investments": -31584000, "changeToLiabilities": 57601000, "totalCashflowsFromInvestingActivities": -66047000, "netBorrowings": -629000, "totalCashFromFinancingActivities": 9005000, "changeToOperatingActivities": 7106000, "issuanceOfStock": 39574000, "netIncome": 563851000, "changeInCash": 58457000, "repurchaseOfStock": -29940000, "effectOfExchangeRate": 148000, "totalCashFromOperatingActivities": 115351000, "depreciation": 17558000, "changeToInventory": -4750000, "changeToAccountReceivables": -99611000, "otherCashflowsFromFinancingActivities": -13473000, "changeToNetincome": -426404000, "capitalExpenditures": -34463000}, "2021-09-30": {"investments": -601000, "changeToLiabilities": -7591000, "totalCashflowsFromInvestingActivities": -32754000, "netBorrowings": -615000, "totalCashFromFinancingActivities": -19343000, "changeToOperatingActivities": 69616000, "issuanceOfStock": 39574000, "netIncome": 181739000, "changeInCash": 201442000, "repurchaseOfStock": -11992000, "effectOfExchangeRate": -1559000, "totalCashFromOperatingActivities": 255098000, "depreciation": 15091000, "changeToInventory": 72000, "changeToAccountReceivables": -78519000, "otherCashflowsFromFinancingActivities": -6736000, "changeToNetincome": 75090000, "capitalExpenditures": -32153000}}}}, "CRL": {"balance": {"annual": {"2021-12-25": {"intangibleAssets": 1061192000, "capitalSurplus": 1718304000, "totalLiab": 4432300000, "totalStockholderEquity": 2534820000, "minorityInterest": 57172000, "otherCurrentLiab": 324077000, "totalAssets": 7024292000, "commonStock": 505000, "otherCurrentAssets": 96248000, "retainedEarnings": 980751000, "otherLiab": 482579000, "goodWill": 2711881000, "treasuryStock": -164740000, "otherAssets": 191763000, "cash": 241214000, "totalCurrentLiabilities": 1033185000, "deferredLongTermAssetCharges": 40226000, "shortLongTermDebt": 101000, "otherStockholderEquity": -164740000, "propertyPlantEquipment": 1584009000, "totalCurrentAssets": 1274095000, "longTermInvestments": 201352000, "netTangibleAssets": -1238253000, "shortTermInvestments": 1063000, "netReceivables": 642881000, "longTermDebt": 2639035000, "inventory": 199146000, "accountsPayable": 198130000}, "2020-12-26": {"intangibleAssets": 787599000, "capitalSurplus": 1627564000, "totalLiab": 3347163000, "totalStockholderEquity": 2114602000, "minorityInterest": 29066000, "otherCurrentLiab": 285745000, "totalAssets": 5490831000, "commonStock": 498000, "otherCurrentAssets": 71536000, "retainedEarnings": 625414000, "otherLiab": 422246000, "goodWill": 1809168000, "treasuryStock": -138874000, "otherAssets": 168551000, "cash": 228424000, "totalCurrentLiabilities": 839751000, "deferredLongTermAssetCharges": 37729000, "shortLongTermDebt": 47196000, "otherStockholderEquity": -138874000, "propertyPlantEquipment": 1302578000, "totalCurrentAssets": 1201131000, "longTermInvestments": 221804000, "netTangibleAssets": -482165000, "shortTermInvestments": 1024000, "netReceivables": 617740000, "longTermDebt": 1903542000, "inventory": 185695000, "accountsPayable": 122475000}, "2019-12-28": {"intangibleAssets": 689413000, "capitalSurplus": 1531785000, "totalLiab": 3026315000, "totalStockholderEquity": 1634584000, "minorityInterest": 31891000, "otherCurrentLiab": 242046000, "totalAssets": 4692790000, "commonStock": 489000, "otherCurrentAssets": 55089000, "retainedEarnings": 280329000, "otherLiab": 350216000, "goodWill": 1540565000, "treasuryStock": -178019000, "otherAssets": 134295000, "cash": 238014000, "totalCurrentLiabilities": 710181000, "deferredLongTermAssetCharges": 44659000, "shortLongTermDebt": 35548000, "otherStockholderEquity": -178019000, "propertyPlantEquipment": 1184213000, "totalCurrentAssets": 1021325000, "longTermInvestments": 122979000, "netTangibleAssets": -595394000, "shortTermInvestments": 941000, "netReceivables": 514033000, "longTermDebt": 1822136000, "inventory": 160660000, "accountsPayable": 111498000}, "2018-12-29": {"intangibleAssets": 610888000, "capitalSurplus": 1447512000, "totalLiab": 2517576000, "totalStockholderEquity": 1317332000, "minorityInterest": 20971000, "otherCurrentLiab": 216419000, "totalAssets": 3855879000, "commonStock": 482000, "otherCurrentAssets": 47922000, "retainedEarnings": 42096000, "otherLiab": 322756000, "goodWill": 1247133000, "treasuryStock": -172758000, "otherAssets": 78554000, "cash": 195442000, "totalCurrentLiabilities": 558222000, "deferredLongTermAssetCharges": 23386000, "shortLongTermDebt": 28228000, "otherStockholderEquity": -172703000, "propertyPlantEquipment": 932877000, "totalCurrentAssets": 897836000, "longTermInvestments": 88591000, "netTangibleAssets": -540689000, "shortTermInvestments": 885000, "netReceivables": 472248000, "longTermDebt": 1610546000, "inventory": 127892000, "accountsPayable": 66250000}}, "quarterly": {"2022-06-25": {"intangibleAssets": 1032372000, "capitalSurplus": 1761125000, "totalLiab": 4836257000, "totalStockholderEquity": 2647706000, "minorityInterest": 45398000, "otherCurrentLiab": 383257000, "totalAssets": 7529361000, "commonStock": 510000, "otherCurrentAssets": 98706000, "retainedEarnings": 1183094000, "otherLiab": 425126000, "goodWill": 2860258000, "treasuryStock": -297023000, "otherAssets": 199031000, "cash": 200321000, "totalCurrentLiabilities": 1048135000, "deferredLongTermAssetCharges": 42467000, "shortLongTermDebt": 95000, "otherStockholderEquity": -258555000, "propertyPlantEquipment": 1765543000, "totalCurrentAssets": 1393086000, "longTermInvestments": 279071000, "netTangibleAssets": -1244924000, "shortTermInvestments": 1012000, "netReceivables": 755343000, "longTermDebt": 2966529000, "inventory": 256765000, "accountsPayable": 211381000}, "2022-03-26": {"intangibleAssets": 1019537000, "capitalSurplus": 1744829000, "totalLiab": 4404324000, "totalStockholderEquity": 2610184000, "minorityInterest": 60541000, "otherCurrentLiab": 335035000, "totalAssets": 7075049000, "commonStock": 509000, "otherCurrentAssets": 71685000, "retainedEarnings": 1073773000, "otherLiab": 469964000, "goodWill": 2695994000, "treasuryStock": -208927000, "otherAssets": 201791000, "cash": 241869000, "totalCurrentLiabilities": 993839000, "deferredLongTermAssetCharges": 43404000, "shortLongTermDebt": 99000, "otherStockholderEquity": -174933000, "propertyPlantEquipment": 1626376000, "totalCurrentAssets": 1333086000, "longTermInvestments": 198265000, "netTangibleAssets": -1105347000, "shortTermInvestments": 1065000, "netReceivables": 706796000, "longTermDebt": 2652753000, "inventory": 221175000, "accountsPayable": 225977000}, "2021-12-25": {"intangibleAssets": 1061192000, "capitalSurplus": 1718304000, "totalLiab": 4432300000, "totalStockholderEquity": 2534820000, "minorityInterest": 57172000, "otherCurrentLiab": 324077000, "totalAssets": 7024292000, "commonStock": 505000, "otherCurrentAssets": 96248000, "retainedEarnings": 980751000, "otherLiab": 482579000, "goodWill": 2711881000, "treasuryStock": -164740000, "otherAssets": 191763000, "cash": 241214000, "totalCurrentLiabilities": 1033185000, "deferredLongTermAssetCharges": 40226000, "shortLongTermDebt": 101000, "otherStockholderEquity": -164740000, "propertyPlantEquipment": 1584009000, "totalCurrentAssets": 1274095000, "longTermInvestments": 201352000, "netTangibleAssets": -1238253000, "shortTermInvestments": 1063000, "netReceivables": 642881000, "longTermDebt": 2639035000, "inventory": 199146000, "accountsPayable": 198130000}, "2021-09-25": {"intangibleAssets": 1099880000, "capitalSurplus": 1720461000, "totalLiab": 4593816000, "totalStockholderEquity": 2426566000, "minorityInterest": 38055000, "otherCurrentLiab": 353997000, "totalAssets": 7058437000, "commonStock": 506000, "otherCurrentAssets": 245798000, "retainedEarnings": 878818000, "otherLiab": 473377000, "goodWill": 2736322000, "treasuryStock": -173219000, "otherAssets": 181367000, "cash": 212539000, "totalCurrentLiabilities": 983751000, "deferredLongTermAssetCharges": 41117000, "shortLongTermDebt": 105000, "otherStockholderEquity": -132779000, "propertyPlantEquipment": 1460633000, "totalCurrentAssets": 1379040000, "longTermInvestments": 201195000, "netTangibleAssets": -1409636000, "shortTermInvestments": 1030000, "netReceivables": 660452000, "longTermDebt": 2866859000, "inventory": 181694000, "accountsPayable": 127913000}}}, "income": {"annual": {"2021-12-25": {"researchDevelopment": null, "effectOfAccountingCharges": null, "incomeBeforeTax": 480710000, "minorityInterest": 57172000, "netIncome": 390982000, "sellingGeneralAdministrative": 578226000, "grossProfit": 1337470000, "ebit": 634387000, "operatingIncome": 634387000, "otherOperatingExpenses": null, "interestExpense": -73910000, "extraordinaryItems": null, "nonRecurring": null, "otherItems": null, "incomeTaxExpense": 81873000, "totalRevenue": 3540160000, "totalOperatingExpenses": 2905773000, "costOfRevenue": 2202690000, "totalOtherIncomeExpenseNet": -153677000, "discontinuedOperations": null, "netIncomeFromContinuingOps": 398837000, "netIncomeApplicableToCommonShares": 390982000}, "2020-12-26": {"researchDevelopment": null, "effectOfAccountingCharges": null, "incomeBeforeTax": 447114000, "minorityInterest": 29066000, "netIncome": 364304000, "sellingGeneralAdministrative": 511282000, "grossProfit": 1078914000, "ebit": 455755000, "operatingIncome": 455755000, "otherOperatingExpenses": null, "interestExpense": -86433000, "extraordinaryItems": null, "nonRecurring": null, "otherItems": null, "incomeTaxExpense": 81808000, "totalRevenue": 2923933000, "totalOperatingExpenses": 2468178000, "costOfRevenue": 1845019000, "totalOtherIncomeExpenseNet": -8641000, "discontinuedOperations": null, "netIncomeFromContinuingOps": 365306000, "netIncomeApplicableToCommonShares": 364304000}, "2019-12-28": {"researchDevelopment": null, "effectOfAccountingCharges": null, "incomeBeforeTax": 304084000, "minorityInterest": 31891000, "netIncome": 252019000, "sellingGeneralAdministrative": 487687000, "grossProfit": 965026000, "ebit": 387801000, "operatingIncome": 387801000, "otherOperatingExpenses": null, "interestExpense": -60882000, "extraordinaryItems": null, "nonRecurring": null, "otherItems": null, "incomeTaxExpense": 50023000, "totalRevenue": 2621226000, "totalOperatingExpenses": 2233425000, "costOfRevenue": 1656200000, "totalOtherIncomeExpenseNet": -83717000, "discontinuedOperations": null, "netIncomeFromContinuingOps": 254061000, "netIncomeApplicableToCommonShares": 252019000}, "2018-12-29": {"researchDevelopment": null, "effectOfAccountingCharges": null, "incomeBeforeTax": 281681000, "minorityInterest": 20971000, "netIncome": 226373000, "sellingGeneralAdministrative": 435642000, "grossProfit": 842686000, "ebit": 342214000, "operatingIncome": 342214000, "otherOperatingExpenses": null, "interestExpense": -63772000, "extraordinaryItems": null, "nonRecurring": null, "otherItems": null, "incomeTaxExpense": 54463000, "totalRevenue": 2266096000, "totalOperatingExpenses": 1923882000, "costOfRevenue": 1423410000, "totalOtherIncomeExpenseNet": -60533000, "discontinuedOperations": 1506000, "netIncomeFromContinuingOps": 227218000, "netIncomeApplicableToCommonShares": 226373000}}, "quarterly": {"2022-06-25": {"researchDevelopment": null, "effectOfAccountingCharges": null, "incomeBeforeTax": 144113000, "minorityInterest": 45398000, "netIncome": 109321000, "sellingGeneralAdministrative": 127285000, "grossProfit": 356726000, "ebit": 191837000, "operatingIncome": 191837000, "otherOperatingExpenses": null, "interestExpense": -3703000, "extraordinaryItems": null, "nonRecurring": null, "otherItems": null, "incomeTaxExpense": 33449000, "totalRevenue": 973131000, "totalOperatingExpenses": 781294000, "costOfRevenue": 616405000, "totalOtherIncomeExpenseNet": -47724000, "discontinuedOperations": null, "netIncomeFromContinuingOps": 110664000, "netIncomeApplicableToCommonShares": 109321000}, "2022-03-26": {"researchDevelopment": null, "effectOfAccountingCharges": null, "incomeBeforeTax": 110846000, "minorityInterest": 60541000, "netIncome": 93022000, "sellingGeneralAdministrative": 142933000, "grossProfit": 336818000, "ebit": 155878000, "operatingIncome": 155878000, "otherOperatingExpenses": null, "interestExpense": -9434000, "extraordinaryItems": null, "nonRecurring": null, "otherItems": null, "incomeTaxExpense": 15620000, "totalRevenue": 913929000, "totalOperatingExpenses": 758051000, "costOfRevenue": 577111000, "totalOtherIncomeExpenseNet": -45032000, "discontinuedOperations": null, "netIncomeFromContinuingOps": 95226000, "netIncomeApplicableToCommonShares": 93022000}, "2021-12-25": {"researchDevelopment": null, "effectOfAccountingCharges": null, "incomeBeforeTax": 163642000, "minorityInterest": 57172000, "netIncome": 137578000, "sellingGeneralAdministrative": 135963000, "grossProfit": 348355000, "ebit": 182199000, "operatingIncome": 182199000, "otherOperatingExpenses": null, "interestExpense": -11546000, "extraordinaryItems": null, "nonRecurring": null, "otherItems": null, "incomeTaxExpense": 23815000, "totalRevenue": 905050000, "totalOperatingExpenses": 722851000, "costOfRevenue": 556695000, "totalOtherIncomeExpenseNet": -18557000, "discontinuedOperations": null, "netIncomeFromContinuingOps": 139827000, "netIncomeApplicableToCommonShares": 137578000}, "2021-09-25": {"researchDevelopment": null, "effectOfAccountingCharges": null, "incomeBeforeTax": 123270000, "minorityInterest": 38055000, "netIncome": 103426000, "sellingGeneralAdministrative": 140718000, "grossProfit": 337860000, "ebit": 164290000, "operatingIncome": 164290000, "otherOperatingExpenses": null, "interestExpense": -16455000, "extraordinaryItems": null, "nonRecurring": null, "otherItems": null, "incomeTaxExpense": 18111000, "totalRevenue": 895937000, "totalOperatingExpenses": 731647000, "costOfRevenue": 558077000, "totalOtherIncomeExpenseNet": -41020000, "discontinuedOperations": null, "netIncomeFromContinuingOps": 105159000, "netIncomeApplicableToCommonShares": 103426000}}}, "cash": {"annual": {"2021-12-25": {"investments": -39023000, "changeToLiabilities": 48424000, "totalCashflowsFromInvestingActivities": -1437932000, "netBorrowings": 708236000, "totalCashFromFinancingActivities": 672598000, "changeToOperatingActivities": 46310000, "issuanceOfStock": 45652000, "netIncome": 390982000, "changeInCash": 13195000, "repurchaseOfStock": -40707000, "effectOfExchangeRate": 17730000, "totalCashFromOperatingActivities": 760799000, "depreciation": 265540000, "otherCashflowsFromInvestingActivities": 264000, "changeToInventory": -25159000, "changeToAccountReceivables": -26633000, "otherCashflowsFromFinancingActivities": -40583000, "changeToNetincome": 61335000, "capitalExpenditures": -228772000}, "2020-12-26": {"investments": -15291000, "changeToLiabilities": 38350000, "totalCashflowsFromInvestingActivities": -601544000, "netBorrowings": 30588000, "totalCashFromFinancingActivities": 47248000, "changeToOperatingActivities": 39381000, "issuanceOfStock": 46586000, "netIncome": 364304000, "changeInCash": -6927000, "repurchaseOfStock": -23979000, "effectOfExchangeRate": 794000, "totalCashFromOperatingActivities": 546575000, "depreciation": 234924000, "otherCashflowsFromInvestingActivities": -1065000, "changeToInventory": -18379000, "changeToAccountReceivables": -85627000, "otherCashflowsFromFinancingActivities": -5947000, "changeToNetincome": -26378000, "capitalExpenditures": -166560000}, "2019-12-28": {"investments": -21399000, "changeToLiabilities": 15257000, "totalCashflowsFromInvestingActivities": -681502000, "netBorrowings": 233873000, "totalCashFromFinancingActivities": 231937000, "changeToOperatingActivities": 20644000, "issuanceOfStock": 34546000, "netIncome": 252019000, "changeInCash": 42728000, "repurchaseOfStock": -18087000, "effectOfExchangeRate": 11357000, "totalCashFromOperatingActivities": 480936000, "depreciation": 198095000, "otherCashflowsFromInvestingActivities": -3888000, "changeToInventory": -21399000, "changeToAccountReceivables": -8323000, "otherCashflowsFromFinancingActivities": -18395000, "changeToNetincome": 24643000, "capitalExpenditures": -140514000}, "2018-12-29": {"investments": 10724000, "changeToLiabilities": 51455000, "totalCashflowsFromInvestingActivities": -955003000, "netBorrowings": 554025000, "totalCashFromFinancingActivities": 558059000, "changeToOperatingActivities": -2107000, "issuanceOfStock": 37657000, "netIncome": 226373000, "changeInCash": 30987000, "repurchaseOfStock": -13846000, "effectOfExchangeRate": -9474000, "totalCashFromOperatingActivities": 437405000, "depreciation": 161779000, "otherCashflowsFromInvestingActivities": -805000, "changeToInventory": -13338000, "changeToAccountReceivables": -21196000, "otherCashflowsFromFinancingActivities": -19777000, "changeToNetincome": 34439000, "capitalExpenditures": -140054000}}, "quarterly": {"2022-06-25": {"investments": -95341000, "changeToLiabilities": 17447000, "totalCashflowsFromInvestingActivities": -462114000, "netBorrowings": 310511000, "totalCashFromFinancingActivities": 271436000, "changeToOperatingActivities": 30484000, "issuanceOfStock": 3372000, "netIncome": 109321000, "changeInCash": -36188000, "repurchaseOfStock": -4474000, "effectOfExchangeRate": 5016000, "totalCashFromOperatingActivities": 149474000, "depreciation": 76421000, "otherCashflowsFromInvestingActivities": -324000, "changeToInventory": -40561000, "changeToAccountReceivables": -59700000, "otherCashflowsFromFinancingActivities": -37973000, "changeToNetincome": 16062000, "capitalExpenditures": -82852000}, "2022-03-26": {"investments": -13296000, "changeToLiabilities": 57760000, "totalCashflowsFromInvestingActivities": -98005000, "netBorrowings": 13738000, "totalCashFromFinancingActivities": -13283000, "changeToOperatingActivities": -68297000, "issuanceOfStock": 12199000, "netIncome": 93022000, "changeInCash": -2918000, "repurchaseOfStock": -33994000, "effectOfExchangeRate": 5740000, "totalCashFromOperatingActivities": 102630000, "depreciation": 75299000, "otherCashflowsFromInvestingActivities": -4450000, "changeToInventory": -23164000, "changeToAccountReceivables": -57942000, "otherCashflowsFromFinancingActivities": -5226000, "changeToNetincome": 25952000, "capitalExpenditures": -80464000}, "2021-12-25": {"investments": -13020000, "changeToLiabilities": 41537000, "totalCashflowsFromInvestingActivities": 9307000, "netBorrowings": -221041000, "totalCashFromFinancingActivities": -218972000, "changeToOperatingActivities": 13083000, "issuanceOfStock": 2338000, "netIncome": 137578000, "changeInCash": 19809000, "repurchaseOfStock": -267000, "effectOfExchangeRate": 216000, "totalCashFromOperatingActivities": 229258000, "depreciation": 67241000, "otherCashflowsFromInvestingActivities": -590000, "changeToInventory": -19520000, "changeToAccountReceivables": 8959000, "otherCashflowsFromFinancingActivities": -2000, "changeToNetincome": -19620000, "capitalExpenditures": -98775000}, "2021-09-25": {"investments": -7941000, "changeToLiabilities": 21800000, "totalCashflowsFromInvestingActivities": -355050000, "netBorrowings": 171107000, "totalCashFromFinancingActivities": 178895000, "changeToOperatingActivities": 6200000, "issuanceOfStock": 8016000, "netIncome": 103426000, "changeInCash": -985000, "repurchaseOfStock": -143000, "effectOfExchangeRate": 448000, "totalCashFromOperatingActivities": 174722000, "depreciation": 68686000, "otherCashflowsFromInvestingActivities": 15000, "changeToInventory": 1468000, "changeToAccountReceivables": -30368000, "otherCashflowsFromFinancingActivities": -85000, "changeToNetincome": 3510000, "capitalExpenditures": -55536000}}}}}